timestamp,ticker,price,bid,ask,volume,order_book_depth_usd,regime
1783427750,CSPR/USD,0.035027,0.035015,0.035038,12043.27,2383389.66,normal
1783427751,CSPR/USD,0.035019,0.035004,0.035035,3907.98,1140009.77,normal
1783427752,CSPR/USD,0.035054,0.035021,0.035087,10637.79,1167907.05,normal
1783427753,CSPR/USD,0.035136,0.035112,0.03516,6016.06,2179716.01,normal
1783427754,CSPR/USD,0.035123,0.0351,0.035146,9218.03,1795511.52,normal
1783427755,CSPR/USD,0.03511,0.035086,0.035135,5549.43,1920343.21,normal
1783427756,CSPR/USD,0.035195,0.035177,0.035214,9328.91,1772003.61,normal
1783427757,CSPR/USD,0.035237,0.035207,0.035267,9653.85,2392392.57,normal
1783427758,CSPR/USD,0.035211,0.035189,0.035234,14434.9,914001.66,normal
1783427759,CSPR/USD,0.035241,0.035229,0.035253,3670.93,2478078.48,normal
1783427760,CSPR/USD,0.035216,0.035203,0.035228,4203.13,2161912.36,normal
1783427761,CSPR/USD,0.035191,0.035168,0.035214,17845.94,1677945.18,normal
1783427762,CSPR/USD,0.035204,0.03517,0.035237,7058.94,1824743.25,normal
1783427763,CSPR/USD,0.035101,0.035084,0.035117,31559.31,1797651.75,normal
1783427764,CSPR/USD,0.035008,0.034976,0.03504,15997.95,616792.45,normal
1783427765,CSPR/USD,0.034978,0.034949,0.035007,21707.43,936033.0,normal
1783427766,CSPR/USD,0.034924,0.034908,0.034939,41297.36,2422941.77,normal
1783427767,CSPR/USD,0.03494,0.034931,0.03495,10427.81,1568728.86,normal
1783427768,CSPR/USD,0.034892,0.03488,0.034903,8437.24,1256707.21,normal
1783427769,CSPR/USD,0.034816,0.034789,0.034844,26832.31,2024076.93,normal
1783427770,CSPR/USD,0.034895,0.034881,0.034909,20082.64,1549037.89,normal
1783427771,CSPR/USD,0.034883,0.034864,0.034901,11500.38,526325.54,normal
1783427772,CSPR/USD,0.034886,0.034864,0.034908,40666.76,1972475.19,normal
1783427773,CSPR/USD,0.03481,0.034783,0.034838,11273.44,1964435.12,normal
1783427774,CSPR/USD,0.034781,0.034769,0.034793,13714.64,830297.42,normal
1783427775,CSPR/USD,0.034787,0.034768,0.034806,13588.49,2413320.18,normal
1783427776,CSPR/USD,0.034726,0.034704,0.034747,6325.38,947816.26,normal
1783427777,CSPR/USD,0.034746,0.034723,0.034768,14215.22,1415498.73,normal
1783427778,CSPR/USD,0.034714,0.034684,0.034744,40839.63,729471.92,normal
1783427779,CSPR/USD,0.034698,0.034685,0.034711,19071.96,1706564.64,normal
1783427780,CSPR/USD,0.034666,0.034637,0.034696,13695.89,1250902.24,normal
1783427781,CSPR/USD,0.034765,0.034738,0.034791,11737.99,1206346.92,normal
1783427782,CSPR/USD,0.034764,0.034741,0.034787,17408.15,2153953.75,normal
1783427783,CSPR/USD,0.034708,0.034681,0.034735,24338.47,519123.43,normal
1783427784,CSPR/USD,0.034751,0.034732,0.034771,21750.48,2095893.54,normal
1783427785,CSPR/USD,0.034686,0.034674,0.034699,10244.62,1642897.13,normal
1783427786,CSPR/USD,0.034698,0.034672,0.034724,17323.6,2472197.03,normal
1783427787,CSPR/USD,0.034594,0.034571,0.034616,19613.08,1678886.44,normal
1783427788,CSPR/USD,0.034523,0.034498,0.034548,5968.46,610758.27,normal
1783427789,CSPR/USD,0.034534,0.034516,0.034551,15284.35,601290.65,normal
1783427790,CSPR/USD,0.034573,0.034541,0.034605,2370.74,2266305.97,normal
1783427791,CSPR/USD,0.034582,0.034558,0.034606,19653.82,2182428.29,normal
1783427792,CSPR/USD,0.034576,0.034565,0.034587,22658.14,1191780.15,normal
1783427793,CSPR/USD,0.03456,0.034539,0.03458,24295.27,1736064.97,normal
1783427794,CSPR/USD,0.034482,0.034453,0.03451,9739.67,1479182.71,normal
1783427795,CSPR/USD,0.034444,0.034414,0.034473,17106.91,2434328.11,normal
1783427796,CSPR/USD,0.034419,0.034398,0.034441,41737.83,2399921.8,normal
1783427797,CSPR/USD,0.034475,0.034443,0.034507,41399.15,2467678.02,normal
1783427798,CSPR/USD,0.034493,0.034478,0.034509,13051.55,2232897.56,normal
1783427799,CSPR/USD,0.0344,0.034381,0.034419,14934.9,2319103.18,normal
1783427800,CSPR/USD,0.034417,0.034385,0.034449,32491.34,934557.56,normal
1783427801,CSPR/USD,0.034397,0.034365,0.034429,4021.29,2162013.58,normal
1783427802,CSPR/USD,0.034361,0.034335,0.034387,10316.91,1917714.23,normal
1783427803,CSPR/USD,0.034393,0.034363,0.034424,38888.6,2425573.02,normal
1783427804,CSPR/USD,0.034448,0.034437,0.034459,29148.55,1642523.66,normal
1783427805,CSPR/USD,0.034497,0.034466,0.034528,17951.18,670334.33,normal
1783427806,CSPR/USD,0.034452,0.034436,0.034469,4005.14,1694797.78,normal
1783427807,CSPR/USD,0.034436,0.034423,0.034449,12836.81,1873161.86,normal
1783427808,CSPR/USD,0.034454,0.034439,0.034468,8333.74,940642.06,normal
1783427809,CSPR/USD,0.034505,0.034486,0.034525,17410.54,1288226.77,normal
1783427810,CSPR/USD,0.03448,0.034465,0.034495,6992.01,1697006.83,normal
1783427811,CSPR/USD,0.03447,0.034453,0.034487,5880.64,1248211.47,normal
1783427812,CSPR/USD,0.034412,0.034399,0.034424,2560.88,1249895.43,normal
1783427813,CSPR/USD,0.034349,0.034332,0.034365,35505.53,766173.28,normal
1783427814,CSPR/USD,0.034391,0.034368,0.034415,9702.93,2381493.45,normal
1783427815,CSPR/USD,0.034463,0.034443,0.034483,15149.41,2000988.77,normal
1783427816,CSPR/USD,0.034459,0.034441,0.034477,13335.83,502486.88,normal
1783427817,CSPR/USD,0.034512,0.034484,0.03454,5687.65,2031226.57,normal
1783427818,CSPR/USD,0.034531,0.034499,0.034563,4879.26,1979589.99,normal
1783427819,CSPR/USD,0.034497,0.034469,0.034525,5977.44,519461.92,normal
1783427820,CSPR/USD,0.034516,0.034499,0.034533,7491.06,1239208.6,normal
1783427821,CSPR/USD,0.034597,0.034569,0.034625,17913.05,1713495.38,normal
1783427822,CSPR/USD,0.034595,0.034583,0.034608,7068.66,1405501.3,normal
1783427823,CSPR/USD,0.034678,0.034666,0.03469,54024.48,2055972.24,normal
1783427824,CSPR/USD,0.03454,0.034522,0.034557,30385.5,1350916.67,normal
1783427825,CSPR/USD,0.034583,0.034553,0.034613,25506.48,807725.94,normal
1783427826,CSPR/USD,0.034588,0.034573,0.034603,12140.14,2452831.25,normal
1783427827,CSPR/USD,0.034572,0.034561,0.034582,44865.51,984079.99,normal
1783427828,CSPR/USD,0.034577,0.034565,0.034589,11221.6,1935384.62,normal
1783427829,CSPR/USD,0.034472,0.034441,0.034502,13029.76,786312.62,normal
1783427830,CSPR/USD,0.03446,0.034435,0.034485,15305.69,1158025.23,normal
1783427831,CSPR/USD,0.034479,0.034464,0.034494,23422.64,1384055.22,normal
1783427832,CSPR/USD,0.034557,0.034534,0.03458,22237.3,884464.01,normal
1783427833,CSPR/USD,0.034529,0.034507,0.034552,9135.29,1399919.15,normal
1783427834,CSPR/USD,0.034487,0.034461,0.034512,8722.01,814325.65,normal
1783427835,CSPR/USD,0.03446,0.034446,0.034475,22290.65,1618013.08,normal
1783427836,CSPR/USD,0.034508,0.034477,0.034539,23675.34,1827426.51,normal
1783427837,CSPR/USD,0.034526,0.034509,0.034542,9752.89,624868.57,normal
1783427838,CSPR/USD,0.034498,0.034471,0.034524,3752.77,2242264.24,normal
1783427839,CSPR/USD,0.034525,0.034516,0.034534,11317.97,870281.77,normal
1783427840,CSPR/USD,0.03453,0.034512,0.034548,22000.5,950724.85,normal
1783427841,CSPR/USD,0.034581,0.034563,0.034599,56632.23,1822699.68,normal
1783427842,CSPR/USD,0.034544,0.034521,0.034567,5123.71,1437502.12,normal
1783427843,CSPR/USD,0.034527,0.034516,0.034537,9497.11,1498791.2,normal
1783427844,CSPR/USD,0.034506,0.034477,0.034535,9783.74,756309.97,normal
1783427845,CSPR/USD,0.034429,0.034414,0.034443,39523.25,2111471.64,normal
1783427846,CSPR/USD,0.034444,0.034418,0.03447,12991.45,1734108.49,normal
1783427847,CSPR/USD,0.034458,0.034429,0.034487,6464.87,770764.09,normal
1783427848,CSPR/USD,0.034458,0.034435,0.034481,20888.55,1247998.73,normal
1783427849,CSPR/USD,0.034446,0.034418,0.034474,9665.22,2120819.87,normal
1783427850,CSPR/USD,0.034371,0.034346,0.034397,5016.51,1636710.09,normal
1783427851,CSPR/USD,0.034349,0.034331,0.034367,6540.58,717297.56,normal
1783427852,CSPR/USD,0.034331,0.034302,0.034361,53489.12,1245554.09,normal
1783427853,CSPR/USD,0.034289,0.034273,0.034305,18167.1,985388.8,normal
1783427854,CSPR/USD,0.034281,0.034257,0.034304,14562.54,1534931.11,normal
1783427855,CSPR/USD,0.034302,0.034274,0.034329,10938.95,2186722.26,normal
1783427856,CSPR/USD,0.034401,0.034382,0.034419,16877.2,1372534.27,normal
1783427857,CSPR/USD,0.03441,0.034394,0.034426,16717.12,1366684.06,normal
1783427858,CSPR/USD,0.034424,0.034403,0.034444,16877.47,2310701.8,normal
1783427859,CSPR/USD,0.03442,0.03439,0.034449,14645.32,1652370.83,normal
1783427860,CSPR/USD,0.034319,0.034286,0.034351,26770.04,1632382.17,normal
1783427861,CSPR/USD,0.034317,0.034295,0.03434,13608.96,1023819.78,normal
1783427862,CSPR/USD,0.03432,0.034295,0.034346,6109.8,1715445.5,normal
1783427863,CSPR/USD,0.03445,0.034418,0.034482,8185.03,1651820.93,normal
1783427864,CSPR/USD,0.03444,0.034429,0.034451,2742.94,1293702.94,normal
1783427865,CSPR/USD,0.034456,0.034441,0.03447,67606.11,2481391.13,normal
1783427866,CSPR/USD,0.034454,0.034427,0.034481,26640.92,2263781.93,normal
1783427867,CSPR/USD,0.034392,0.034362,0.034422,6877.04,1999172.58,normal
1783427868,CSPR/USD,0.034453,0.034422,0.034483,10662.88,1574691.18,normal
1783427869,CSPR/USD,0.034492,0.034473,0.034512,8026.46,1424119.6,normal
1783427870,CSPR/USD,0.034534,0.034523,0.034545,45891.62,869794.79,normal
1783427871,CSPR/USD,0.034486,0.034466,0.034506,4290.24,1111474.95,normal
1783427872,CSPR/USD,0.03456,0.034545,0.034575,14641.0,2047921.6,normal
1783427873,CSPR/USD,0.034486,0.03447,0.034502,12248.73,1407497.91,normal
1783427874,CSPR/USD,0.034517,0.034488,0.034545,25886.35,2264539.03,normal
1783427875,CSPR/USD,0.034633,0.034622,0.034643,12293.09,795822.27,normal
1783427876,CSPR/USD,0.03458,0.03455,0.03461,3272.9,1516694.19,normal
1783427877,CSPR/USD,0.03455,0.034531,0.03457,10928.24,1793931.37,normal
1783427878,CSPR/USD,0.034556,0.034531,0.03458,6138.1,1533696.91,normal
1783427879,CSPR/USD,0.034529,0.034518,0.03454,14237.91,2278453.78,normal
1783427880,CSPR/USD,0.034447,0.03443,0.034464,42080.58,2479126.56,normal
1783427881,CSPR/USD,0.034451,0.03444,0.034462,3322.46,731669.32,normal
1783427882,CSPR/USD,0.034395,0.034361,0.034428,7043.23,759909.81,normal
1783427883,CSPR/USD,0.03442,0.03439,0.034449,8585.63,760648.23,normal
1783427884,CSPR/USD,0.034371,0.034351,0.034392,9844.77,1862354.19,normal
1783427885,CSPR/USD,0.034453,0.034438,0.034467,24151.47,1245352.19,normal
1783427886,CSPR/USD,0.034411,0.034379,0.034444,11627.92,1966629.32,normal
1783427887,CSPR/USD,0.034394,0.034377,0.034412,18632.12,1310942.95,normal
1783427888,CSPR/USD,0.034437,0.034425,0.03445,8098.07,1755213.44,normal
1783427889,CSPR/USD,0.034372,0.034349,0.034396,16057.63,2039716.01,normal
1783427890,CSPR/USD,0.034384,0.034351,0.034417,24890.42,1596431.82,normal
1783427891,CSPR/USD,0.034453,0.034445,0.034462,7436.54,1579007.18,normal
1783427892,CSPR/USD,0.034369,0.034354,0.034383,24961.41,676468.65,normal
1783427893,CSPR/USD,0.034378,0.034345,0.034411,13931.37,1321563.49,normal
1783427894,CSPR/USD,0.034392,0.034379,0.034405,30833.84,1591554.31,normal
1783427895,CSPR/USD,0.034433,0.034422,0.034445,11371.48,1423961.65,normal
1783427896,CSPR/USD,0.034368,0.034345,0.034391,18124.06,2301564.0,normal
1783427897,CSPR/USD,0.034298,0.034268,0.034329,12932.71,2313061.26,normal
1783427898,CSPR/USD,0.034326,0.034305,0.034347,12370.01,2143834.76,normal
1783427899,CSPR/USD,0.034341,0.034307,0.034376,16434.6,1250596.15,normal
1783427900,CSPR/USD,0.034355,0.034329,0.034381,20525.97,1934598.3,normal
1783427901,CSPR/USD,0.034373,0.034362,0.034383,4916.48,1290576.92,normal
1783427902,CSPR/USD,0.034337,0.034303,0.034371,42062.29,965187.2,normal
1783427903,CSPR/USD,0.034349,0.03433,0.034368,3017.76,1185805.29,normal
1783427904,CSPR/USD,0.034365,0.034349,0.034381,7724.48,641929.27,normal
1783427905,CSPR/USD,0.034327,0.034304,0.03435,12389.25,1163555.02,normal
1783427906,CSPR/USD,0.034425,0.034409,0.034442,18580.81,1421484.43,normal
1783427907,CSPR/USD,0.03445,0.034439,0.034461,47142.87,2410961.79,normal
1783427908,CSPR/USD,0.034387,0.034379,0.034396,3021.07,1126821.17,normal
1783427909,CSPR/USD,0.034422,0.034402,0.034442,8900.34,2304907.08,normal
1783427910,CSPR/USD,0.034371,0.03434,0.034401,2437.02,957716.55,normal
1783427911,CSPR/USD,0.034412,0.034389,0.034435,13702.01,881937.8,normal
1783427912,CSPR/USD,0.034473,0.034439,0.034508,16603.14,1537990.91,normal
1783427913,CSPR/USD,0.03443,0.034414,0.034446,47697.61,1845022.74,normal
1783427914,CSPR/USD,0.034481,0.034465,0.034496,14713.31,588664.5,normal
1783427915,CSPR/USD,0.034502,0.03449,0.034515,30798.46,942131.73,normal
1783427916,CSPR/USD,0.034546,0.034533,0.034559,21312.94,1411367.33,normal
1783427917,CSPR/USD,0.034646,0.03463,0.034662,9431.42,1162008.67,normal
1783427918,CSPR/USD,0.034633,0.034604,0.034662,4327.87,1925242.16,normal
1783427919,CSPR/USD,0.034593,0.034561,0.034625,16647.28,1522321.19,normal
1783427920,CSPR/USD,0.034546,0.034512,0.03458,4049.38,820718.21,normal
1783427921,CSPR/USD,0.034503,0.034488,0.034518,37652.92,2288930.76,normal
1783427922,CSPR/USD,0.034499,0.034467,0.03453,11735.23,1085811.35,normal
1783427923,CSPR/USD,0.034517,0.0345,0.034534,34757.2,1962262.22,normal
1783427924,CSPR/USD,0.034532,0.03452,0.034543,9098.17,2059831.56,normal
1783427925,CSPR/USD,0.034575,0.034544,0.034606,16565.55,2426315.4,normal
1783427926,CSPR/USD,0.034576,0.034551,0.034601,15795.48,1497014.93,normal
1783427927,CSPR/USD,0.034653,0.03464,0.034666,12886.88,1731671.03,normal
1783427928,CSPR/USD,0.034639,0.034619,0.034659,9450.97,1169752.59,normal
1783427929,CSPR/USD,0.034783,0.034767,0.0348,18287.35,1856358.59,normal
1783427930,CSPR/USD,0.034817,0.034789,0.034845,6368.18,1426766.97,normal
1783427931,CSPR/USD,0.034771,0.034751,0.034792,5076.88,1375304.73,normal
1783427932,CSPR/USD,0.034714,0.03468,0.034748,36107.7,2210935.06,normal
1783427933,CSPR/USD,0.03474,0.03473,0.03475,23902.41,600337.69,normal
1783427934,CSPR/USD,0.034728,0.03471,0.034746,14082.85,2263924.86,normal
1783427935,CSPR/USD,0.034766,0.034744,0.034787,50620.6,2204139.68,normal
1783427936,CSPR/USD,0.034791,0.034769,0.034813,10783.66,1512732.51,normal
1783427937,CSPR/USD,0.034787,0.03477,0.034804,38490.34,1480405.71,normal
1783427938,CSPR/USD,0.034742,0.034714,0.03477,15374.4,1223614.74,normal
1783427939,CSPR/USD,0.034661,0.03463,0.034693,5885.22,2488347.58,normal
1783427940,CSPR/USD,0.034638,0.034605,0.034671,58596.61,722338.67,normal
1783427941,CSPR/USD,0.034683,0.034654,0.034713,29512.49,1680430.47,normal
1783427942,CSPR/USD,0.034694,0.034664,0.034725,12126.92,1863363.18,normal
1783427943,CSPR/USD,0.034628,0.034605,0.034651,23902.47,2368660.02,normal
1783427944,CSPR/USD,0.034638,0.034607,0.034668,9672.45,2060406.99,normal
1783427945,CSPR/USD,0.034658,0.034641,0.034674,25934.24,1787694.41,normal
1783427946,CSPR/USD,0.034611,0.034592,0.03463,1972.66,733624.63,normal
1783427947,CSPR/USD,0.034619,0.034602,0.034636,5908.57,1247467.03,normal
1783427948,CSPR/USD,0.034622,0.034601,0.034643,29243.36,777683.29,normal
1783427949,CSPR/USD,0.034562,0.034546,0.034578,10941.03,2262425.46,normal
1783427950,CSPR/USD,0.034581,0.034547,0.034614,15772.67,1999242.31,normal
1783427951,CSPR/USD,0.03461,0.034594,0.034627,4548.58,2015073.57,normal
1783427952,CSPR/USD,0.034668,0.034656,0.034679,58588.49,1804513.04,normal
1783427953,CSPR/USD,0.034724,0.034701,0.034746,34628.2,1514087.07,normal
1783427954,CSPR/USD,0.03465,0.03464,0.034661,11378.17,799942.12,normal
1783427955,CSPR/USD,0.034601,0.034589,0.034612,9664.78,1159389.77,normal
1783427956,CSPR/USD,0.034628,0.034614,0.034642,30445.2,773831.58,normal
1783427957,CSPR/USD,0.034655,0.034635,0.034676,65249.68,1949826.29,normal
1783427958,CSPR/USD,0.034683,0.034663,0.034702,28652.85,820457.55,normal
1783427959,CSPR/USD,0.034888,0.034858,0.034917,75920.51,1904227.1,normal
1783427960,CSPR/USD,0.034918,0.03489,0.034946,6387.63,1884510.78,normal
1783427961,CSPR/USD,0.034979,0.034959,0.034999,6936.07,1418608.96,normal
1783427962,CSPR/USD,0.03503,0.035013,0.035048,5160.8,770457.31,normal
1783427963,CSPR/USD,0.035065,0.035048,0.035082,19023.08,1129601.65,normal
1783427964,CSPR/USD,0.035048,0.035019,0.035077,15374.77,1140186.22,normal
1783427965,CSPR/USD,0.035089,0.035079,0.035099,11830.53,1900770.27,normal
1783427966,CSPR/USD,0.035047,0.035038,0.035056,25524.83,727486.04,normal
1783427967,CSPR/USD,0.035035,0.035005,0.035064,35805.72,2158137.29,normal
1783427968,CSPR/USD,0.035008,0.034987,0.03503,3942.1,2022014.58,normal
1783427969,CSPR/USD,0.035013,0.035001,0.035025,8286.83,872613.84,normal
1783427970,CSPR/USD,0.035137,0.035122,0.035152,25748.07,1938328.76,normal
1783427971,CSPR/USD,0.035037,0.035004,0.03507,9189.43,1837026.36,normal
1783427972,CSPR/USD,0.035074,0.035042,0.035105,7054.6,1996241.6,normal
1783427973,CSPR/USD,0.034987,0.03496,0.035014,30176.84,877857.11,normal
1783427974,CSPR/USD,0.034962,0.03494,0.034983,4761.89,815180.64,normal
1783427975,CSPR/USD,0.03502,0.034998,0.035043,10495.86,972967.97,normal
1783427976,CSPR/USD,0.035024,0.034989,0.035058,17377.22,1231743.41,normal
1783427977,CSPR/USD,0.034966,0.034932,0.035,8441.74,2087329.96,normal
1783427978,CSPR/USD,0.034927,0.034913,0.034942,24997.34,1975847.87,normal
1783427979,CSPR/USD,0.034964,0.034934,0.034994,8475.19,2350903.18,normal
1783427980,CSPR/USD,0.034925,0.034911,0.034939,41228.94,617259.12,normal
1783427981,CSPR/USD,0.034936,0.034922,0.034951,12081.17,523112.56,normal
1783427982,CSPR/USD,0.034939,0.034912,0.034965,22857.08,1898277.66,normal
1783427983,CSPR/USD,0.034904,0.034885,0.034923,24265.7,1058574.99,normal
1783427984,CSPR/USD,0.035019,0.034985,0.035052,8086.64,1168157.79,normal
1783427985,CSPR/USD,0.035053,0.035041,0.035064,2584.3,1593604.05,normal
1783427986,CSPR/USD,0.034944,0.034922,0.034966,17829.41,704826.25,normal
1783427987,CSPR/USD,0.034954,0.034921,0.034987,14155.11,1785388.83,normal
1783427988,CSPR/USD,0.034919,0.034886,0.034951,20840.65,1150294.89,normal
1783427989,CSPR/USD,0.034964,0.034951,0.034977,11145.35,1765430.25,normal
1783427990,CSPR/USD,0.034922,0.034903,0.03494,9467.86,2168013.83,normal
1783427991,CSPR/USD,0.034916,0.034891,0.034941,66621.22,842222.67,normal
1783427992,CSPR/USD,0.034943,0.03493,0.034955,4113.86,2361746.19,normal
1783427993,CSPR/USD,0.034989,0.034955,0.035023,24032.45,1561376.28,normal
1783427994,CSPR/USD,0.034925,0.034892,0.034957,8436.46,2345855.53,normal
1783427995,CSPR/USD,0.034907,0.034894,0.03492,10212.6,915460.16,normal
1783427996,CSPR/USD,0.034881,0.034869,0.034893,10366.32,1709125.33,normal
1783427997,CSPR/USD,0.034846,0.034835,0.034857,7025.16,1307774.23,normal
1783427998,CSPR/USD,0.034941,0.034908,0.034973,21098.97,2048444.38,normal
1783427999,CSPR/USD,0.034962,0.034949,0.034976,40640.28,1711817.89,normal
1783428000,CSPR/USD,0.034895,0.034875,0.034915,19457.95,1489030.91,normal
1783428001,CSPR/USD,0.034944,0.034923,0.034964,14511.63,2325970.81,normal
1783428002,CSPR/USD,0.035058,0.035033,0.035082,6068.38,1254234.13,normal
1783428003,CSPR/USD,0.035113,0.035102,0.035124,20200.45,939960.41,normal
1783428004,CSPR/USD,0.035032,0.035017,0.035046,74987.72,1716202.37,normal
1783428005,CSPR/USD,0.035006,0.034972,0.035039,9852.14,1748056.87,normal
1783428006,CSPR/USD,0.035073,0.035041,0.035106,9889.34,1378189.24,normal
1783428007,CSPR/USD,0.035035,0.035006,0.035065,8528.16,1473220.09,normal
1783428008,CSPR/USD,0.035059,0.03505,0.035069,9031.45,2419106.83,normal
1783428009,CSPR/USD,0.035101,0.035083,0.035118,1485.88,1965371.38,normal
1783428010,CSPR/USD,0.035051,0.035026,0.035076,18472.31,721203.5,normal
1783428011,CSPR/USD,0.035048,0.035032,0.035064,6792.39,924260.14,normal
1783428012,CSPR/USD,0.034874,0.034842,0.034907,3684.13,2451153.27,normal
1783428013,CSPR/USD,0.03482,0.034794,0.034845,24405.21,1952931.11,normal
1783428014,CSPR/USD,0.034806,0.034796,0.034817,5621.68,2330090.25,normal
1783428015,CSPR/USD,0.03474,0.034707,0.034772,10189.01,1107722.93,normal
1783428016,CSPR/USD,0.034827,0.034793,0.03486,43180.92,1983733.72,normal
1783428017,CSPR/USD,0.03475,0.03474,0.034761,4326.99,1928005.42,normal
1783428018,CSPR/USD,0.034727,0.034704,0.03475,3920.29,1089379.97,normal
1783428019,CSPR/USD,0.034734,0.034717,0.034751,16571.59,1601632.65,normal
1783428020,CSPR/USD,0.034811,0.034792,0.03483,33509.69,1754830.22,normal
1783428021,CSPR/USD,0.034734,0.034721,0.034748,3791.54,1462263.62,normal
1783428022,CSPR/USD,0.034796,0.034772,0.03482,18511.58,2154357.41,normal
1783428023,CSPR/USD,0.034797,0.034763,0.03483,21264.61,2165738.08,normal
1783428024,CSPR/USD,0.034744,0.034723,0.034766,2572.6,2201201.1,normal
1783428025,CSPR/USD,0.034769,0.034758,0.03478,25306.11,2106847.14,normal
1783428026,CSPR/USD,0.034779,0.034755,0.034804,26937.77,1476166.95,normal
1783428027,CSPR/USD,0.034748,0.03473,0.034765,10410.51,1262876.6,normal
1783428028,CSPR/USD,0.034751,0.03472,0.034782,36383.73,2162752.57,normal
1783428029,CSPR/USD,0.034731,0.034711,0.034751,33162.15,1480402.92,normal
1783428030,CSPR/USD,0.034737,0.034723,0.03475,14508.56,992742.8,normal
1783428031,CSPR/USD,0.034772,0.034758,0.034786,9309.99,1514687.06,normal
1783428032,CSPR/USD,0.034856,0.034828,0.034885,6134.83,783699.64,normal
1783428033,CSPR/USD,0.03479,0.034775,0.034806,12964.23,1883258.98,normal
1783428034,CSPR/USD,0.034904,0.034875,0.034933,21074.25,1171842.56,normal
1783428035,CSPR/USD,0.0348,0.034786,0.034814,10307.82,1021317.6,normal
1783428036,CSPR/USD,0.034792,0.034775,0.034809,2303.07,2413017.49,normal
1783428037,CSPR/USD,0.034823,0.034802,0.034844,36863.28,2053761.99,normal
1783428038,CSPR/USD,0.034838,0.034805,0.034872,15555.64,2074139.01,normal
1783428039,CSPR/USD,0.034805,0.034772,0.034838,9860.58,1747443.94,normal
1783428040,CSPR/USD,0.034794,0.03478,0.034808,26521.92,2178345.62,normal
1783428041,CSPR/USD,0.034768,0.03475,0.034786,45238.82,2018324.96,normal
1783428042,CSPR/USD,0.034736,0.034724,0.034749,1420.08,1697547.41,normal
1783428043,CSPR/USD,0.034781,0.034759,0.034803,18909.33,2422248.8,normal
1783428044,CSPR/USD,0.0348,0.03478,0.034821,4267.06,883189.9,normal
1783428045,CSPR/USD,0.034764,0.034731,0.034796,19916.19,2386759.44,normal
1783428046,CSPR/USD,0.034811,0.034778,0.034844,14799.4,1302876.32,normal
1783428047,CSPR/USD,0.034828,0.034809,0.034846,22216.29,1556797.97,normal
1783428048,CSPR/USD,0.034871,0.03485,0.034893,8960.68,745478.64,normal
1783428049,CSPR/USD,0.034905,0.034873,0.034937,2985.16,1580214.88,normal
1783428050,CSPR/USD,0.03486,0.034831,0.03489,9318.02,1722413.5,normal
1783428051,CSPR/USD,0.034831,0.034822,0.034839,18499.11,2495403.08,normal
1783428052,CSPR/USD,0.03487,0.034853,0.034887,30101.01,2450384.82,normal
1783428053,CSPR/USD,0.034903,0.034883,0.034923,5231.93,2432794.58,normal
1783428054,CSPR/USD,0.034902,0.034887,0.034917,30383.3,1196776.12,normal
1783428055,CSPR/USD,0.034908,0.034894,0.034922,7956.16,2482533.0,normal
1783428056,CSPR/USD,0.034976,0.034967,0.034986,17853.59,1410956.3,normal
1783428057,CSPR/USD,0.034945,0.034919,0.03497,8884.69,2203672.52,normal
1783428058,CSPR/USD,0.034974,0.034958,0.03499,15455.75,932639.94,normal
1783428059,CSPR/USD,0.034963,0.034953,0.034973,27268.9,1511666.36,normal
1783428060,CSPR/USD,0.034951,0.034937,0.034966,5005.98,2432024.19,normal
1783428061,CSPR/USD,0.03501,0.03498,0.03504,7754.86,2394062.79,normal
1783428062,CSPR/USD,0.035055,0.035023,0.035086,15490.31,1867469.76,normal
1783428063,CSPR/USD,0.035098,0.035077,0.03512,91241.67,2095628.65,normal
1783428064,CSPR/USD,0.035168,0.035149,0.035188,6697.22,852853.39,normal
1783428065,CSPR/USD,0.035169,0.035135,0.035204,68330.2,1943317.1,normal
1783428066,CSPR/USD,0.035206,0.035192,0.03522,66405.73,1736101.62,normal
1783428067,CSPR/USD,0.035189,0.035175,0.035204,12359.14,683103.47,normal
1783428068,CSPR/USD,0.035207,0.03519,0.035223,10524.68,726318.01,normal
1783428069,CSPR/USD,0.0352,0.035187,0.035213,7679.79,716887.24,normal
1783428070,CSPR/USD,0.035205,0.035186,0.035224,12650.32,1948713.87,normal
1783428071,CSPR/USD,0.035237,0.035204,0.03527,4335.64,783430.42,normal
1783428072,CSPR/USD,0.035193,0.035168,0.035218,12569.25,1435464.54,normal
1783428073,CSPR/USD,0.035306,0.035286,0.035326,44245.29,1213963.61,normal
1783428074,CSPR/USD,0.035252,0.035218,0.035285,8193.79,1601008.28,normal
1783428075,CSPR/USD,0.035186,0.035176,0.035196,11019.49,1912952.97,normal
1783428076,CSPR/USD,0.035248,0.035234,0.035263,3425.79,1869445.07,normal
1783428077,CSPR/USD,0.035291,0.035267,0.035315,18020.22,1531039.83,normal
1783428078,CSPR/USD,0.035325,0.0353,0.03535,16507.75,1428669.75,normal
1783428079,CSPR/USD,0.035359,0.035349,0.035369,14058.21,1295631.19,normal
1783428080,CSPR/USD,0.035358,0.035339,0.035378,11232.18,2223819.9,normal
1783428081,CSPR/USD,0.03531,0.035284,0.035336,10570.2,1161703.61,normal
1783428082,CSPR/USD,0.035314,0.035286,0.035341,19960.69,1018731.64,normal
1783428083,CSPR/USD,0.035277,0.035251,0.035303,13055.26,1986630.99,normal
1783428084,CSPR/USD,0.03533,0.035312,0.035347,17188.18,1219526.92,normal
1783428085,CSPR/USD,0.035322,0.035311,0.035333,15866.83,2193997.2,normal
1783428086,CSPR/USD,0.035277,0.035257,0.035297,32818.31,1155777.44,normal
1783428087,CSPR/USD,0.03526,0.035248,0.035272,22961.98,1903889.65,normal
1783428088,CSPR/USD,0.035282,0.035248,0.035316,15588.51,590218.01,normal
1783428089,CSPR/USD,0.035252,0.03523,0.035273,45014.4,1271125.76,normal
1783428090,CSPR/USD,0.035207,0.03519,0.035224,18698.8,1186460.35,normal
1783428091,CSPR/USD,0.03522,0.035191,0.035249,37947.93,2133357.48,normal
1783428092,CSPR/USD,0.035234,0.035212,0.035256,21710.56,2434110.81,normal
1783428093,CSPR/USD,0.035206,0.035189,0.035223,3060.9,1421762.55,normal
1783428094,CSPR/USD,0.035181,0.035151,0.035211,37944.04,2149672.55,normal
1783428095,CSPR/USD,0.035193,0.035162,0.035225,14885.47,1899389.4,normal
1783428096,CSPR/USD,0.035115,0.035089,0.035142,12815.83,2434771.98,normal
1783428097,CSPR/USD,0.03504,0.03503,0.03505,16732.01,2122217.03,normal
1783428098,CSPR/USD,0.035001,0.034978,0.035025,10137.67,654956.13,normal
1783428099,CSPR/USD,0.03499,0.034961,0.035019,16020.48,1926563.44,normal
1783428100,CSPR/USD,0.035006,0.034994,0.035019,8320.68,1570999.43,normal
1783428101,CSPR/USD,0.035086,0.035071,0.0351,37027.56,532872.12,normal
1783428102,CSPR/USD,0.035132,0.0351,0.035164,12199.25,1002625.92,normal
1783428103,CSPR/USD,0.035123,0.035114,0.035132,9837.26,2343510.49,normal
1783428104,CSPR/USD,0.035122,0.035093,0.035151,6374.49,2352122.75,normal
1783428105,CSPR/USD,0.035068,0.035047,0.035089,16564.56,2097700.92,normal
1783428106,CSPR/USD,0.035067,0.035047,0.035088,15516.91,2463559.21,normal
1783428107,CSPR/USD,0.035052,0.035043,0.03506,18228.47,2113090.45,normal
1783428108,CSPR/USD,0.035069,0.035039,0.035099,5873.46,520408.37,normal
1783428109,CSPR/USD,0.035024,0.035006,0.035043,3710.99,1075668.68,normal
1783428110,CSPR/USD,0.035052,0.035029,0.035075,22036.89,561248.36,normal
1783428111,CSPR/USD,0.035135,0.035108,0.035161,43814.21,688215.94,normal
1783428112,CSPR/USD,0.035129,0.035101,0.035156,5877.68,937681.63,normal
1783428113,CSPR/USD,0.03515,0.035116,0.035184,47645.96,1507117.09,normal
1783428114,CSPR/USD,0.035187,0.035165,0.03521,16766.34,2195064.01,normal
1783428115,CSPR/USD,0.035166,0.035146,0.035185,13284.45,2223933.51,normal
1783428116,CSPR/USD,0.035178,0.035144,0.035212,9720.2,1732403.72,normal
1783428117,CSPR/USD,0.035179,0.035153,0.035204,4413.33,2356351.88,normal
1783428118,CSPR/USD,0.035184,0.035167,0.0352,29442.16,1500124.65,normal
1783428119,CSPR/USD,0.035142,0.03513,0.035154,7183.31,2278072.09,normal
1783428120,CSPR/USD,0.035143,0.035112,0.035174,7159.21,1408130.51,normal
1783428121,CSPR/USD,0.03517,0.035152,0.035189,29541.2,1054450.01,normal
1783428122,CSPR/USD,0.035248,0.035222,0.035275,2961.98,2332825.84,normal
1783428123,CSPR/USD,0.0353,0.035279,0.035321,3948.62,1275870.15,normal
1783428124,CSPR/USD,0.035417,0.035403,0.035431,13167.31,1506808.22,normal
1783428125,CSPR/USD,0.035375,0.03535,0.0354,16892.54,1157721.27,normal
1783428126,CSPR/USD,0.035422,0.035412,0.035433,19688.46,1825675.2,normal
1783428127,CSPR/USD,0.035432,0.035412,0.035452,10494.02,2490062.45,normal
1783428128,CSPR/USD,0.035551,0.035528,0.035575,101143.52,551027.1,normal
1783428129,CSPR/USD,0.035507,0.035487,0.035528,11133.19,2299696.01,normal
1783428130,CSPR/USD,0.035462,0.035433,0.03549,11107.45,507852.11,normal
1783428131,CSPR/USD,0.035429,0.035398,0.03546,7061.49,1228455.76,normal
1783428132,CSPR/USD,0.035314,0.035285,0.035343,14751.87,837213.61,normal
1783428133,CSPR/USD,0.035286,0.035276,0.035295,21850.28,2014683.56,normal
1783428134,CSPR/USD,0.035245,0.035231,0.035259,34991.57,601221.68,normal
1783428135,CSPR/USD,0.035253,0.03523,0.035276,4058.52,1606969.91,normal
1783428136,CSPR/USD,0.035271,0.035238,0.035305,10973.12,1089852.27,normal
1783428137,CSPR/USD,0.035373,0.035342,0.035404,19098.46,767340.5,normal
1783428138,CSPR/USD,0.035424,0.035393,0.035455,21367.92,2043636.42,normal
1783428139,CSPR/USD,0.035393,0.035376,0.03541,13429.9,934833.67,normal
1783428140,CSPR/USD,0.035344,0.035324,0.035364,20618.4,947350.42,normal
1783428141,CSPR/USD,0.035371,0.035349,0.035392,6994.15,1050153.57,normal
1783428142,CSPR/USD,0.035299,0.035286,0.035312,46458.95,1673533.53,normal
1783428143,CSPR/USD,0.035398,0.035389,0.035408,29557.79,1819331.86,normal
1783428144,CSPR/USD,0.035462,0.035428,0.035496,4555.35,535205.05,normal
1783428145,CSPR/USD,0.035437,0.035422,0.035452,5652.86,983739.27,normal
1783428146,CSPR/USD,0.035344,0.035329,0.035359,5781.76,1361941.69,normal
1783428147,CSPR/USD,0.035417,0.035406,0.035428,22979.92,1163953.9,normal
1783428148,CSPR/USD,0.035411,0.035378,0.035445,4780.1,2268341.32,normal
1783428149,CSPR/USD,0.035478,0.035454,0.035503,10251.51,2075417.46,normal
1783428150,CSPR/USD,0.035392,0.035365,0.035418,19221.09,1751780.43,normal
1783428151,CSPR/USD,0.035359,0.035326,0.035392,12670.95,1176084.83,normal
1783428152,CSPR/USD,0.035359,0.035341,0.035377,16434.04,1901344.69,normal
1783428153,CSPR/USD,0.035362,0.035337,0.035387,5695.08,2187276.03,normal
1783428154,CSPR/USD,0.035338,0.035328,0.035347,21501.62,1689660.75,normal
1783428155,CSPR/USD,0.035371,0.035358,0.035385,8179.86,2068922.93,normal
1783428156,CSPR/USD,0.035314,0.035283,0.035344,10304.17,1998209.92,normal
1783428157,CSPR/USD,0.035306,0.035277,0.035335,16158.24,1643474.62,normal
1783428158,CSPR/USD,0.035312,0.035294,0.03533,14508.1,1124366.43,normal
1783428159,CSPR/USD,0.03534,0.035321,0.035359,13618.49,1991564.32,normal
1783428160,CSPR/USD,0.035379,0.035356,0.035402,7328.3,913592.73,normal
1783428161,CSPR/USD,0.035318,0.035309,0.035327,10512.92,2058976.69,normal
1783428162,CSPR/USD,0.035235,0.03522,0.03525,13383.08,2109093.38,normal
1783428163,CSPR/USD,0.035304,0.035289,0.035318,4446.76,2144289.76,normal
1783428164,CSPR/USD,0.035322,0.035306,0.035337,9227.78,1445831.94,normal
1783428165,CSPR/USD,0.035281,0.035251,0.035311,18217.61,884961.54,normal
1783428166,CSPR/USD,0.035365,0.035349,0.035381,4808.07,699447.2,normal
1783428167,CSPR/USD,0.035371,0.035357,0.035385,33700.41,1986722.5,normal
1783428168,CSPR/USD,0.035435,0.035413,0.035458,36889.81,2272522.77,normal
1783428169,CSPR/USD,0.035439,0.035407,0.035471,4933.87,1801676.72,normal
1783428170,CSPR/USD,0.035551,0.035536,0.035566,39580.65,788320.12,normal
1783428171,CSPR/USD,0.035647,0.035636,0.035658,11910.01,2369792.9,normal
1783428172,CSPR/USD,0.035633,0.035614,0.035651,18672.58,2478204.03,normal
1783428173,CSPR/USD,0.035686,0.035657,0.035715,8979.32,1366757.22,normal
1783428174,CSPR/USD,0.035721,0.035698,0.035745,27957.36,1689650.58,normal
1783428175,CSPR/USD,0.035796,0.035765,0.035827,18487.96,2054457.04,normal
1783428176,CSPR/USD,0.035743,0.035709,0.035778,6965.17,1972779.58,normal
1783428177,CSPR/USD,0.035781,0.035751,0.035811,5259.75,2435574.38,normal
1783428178,CSPR/USD,0.035839,0.035814,0.035864,4153.71,729766.18,normal
1783428179,CSPR/USD,0.035742,0.03572,0.035765,15527.27,1661449.73,normal
1783428180,CSPR/USD,0.035678,0.035668,0.035688,21120.03,1883862.84,normal
1783428181,CSPR/USD,0.035566,0.035531,0.035602,22488.8,2280196.85,normal
1783428182,CSPR/USD,0.035552,0.035533,0.035571,12156.45,2248219.26,normal
1783428183,CSPR/USD,0.035591,0.035578,0.035604,5294.39,2455999.59,normal
1783428184,CSPR/USD,0.035673,0.035646,0.0357,7741.42,1524156.91,normal
1783428185,CSPR/USD,0.035677,0.03566,0.035693,33586.48,2161521.73,normal
1783428186,CSPR/USD,0.035766,0.035741,0.03579,9066.1,1354563.42,normal
1783428187,CSPR/USD,0.03569,0.035666,0.035715,14983.94,1344627.76,normal
1783428188,CSPR/USD,0.035597,0.035577,0.035618,5650.39,1006696.73,normal
1783428189,CSPR/USD,0.035594,0.035563,0.035626,17487.93,2136474.57,normal
1783428190,CSPR/USD,0.035615,0.035599,0.035631,9263.64,2471630.21,normal
1783428191,CSPR/USD,0.035613,0.035593,0.035634,30864.75,1012683.46,normal
1783428192,CSPR/USD,0.035501,0.035478,0.035524,24806.13,612263.18,normal
1783428193,CSPR/USD,0.035496,0.035469,0.035523,8986.11,2131084.87,normal
1783428194,CSPR/USD,0.035425,0.035395,0.035455,12072.3,1740460.11,normal
1783428195,CSPR/USD,0.035461,0.035442,0.035481,8596.47,2419397.6,normal
1783428196,CSPR/USD,0.035481,0.035455,0.035507,4291.77,1004478.44,normal
1783428197,CSPR/USD,0.03543,0.035417,0.035443,6728.09,642055.32,normal
1783428198,CSPR/USD,0.035402,0.035369,0.035436,15655.44,1484884.52,normal
1783428199,CSPR/USD,0.035345,0.035326,0.035364,17330.23,670932.05,normal
1783428200,CSPR/USD,0.035342,0.035313,0.03537,15045.56,1023580.0,normal
1783428201,CSPR/USD,0.035393,0.035384,0.035403,10494.57,751955.72,normal
1783428202,CSPR/USD,0.03534,0.035326,0.035354,28182.41,948264.36,normal
1783428203,CSPR/USD,0.035367,0.035345,0.035389,14056.41,712289.31,normal
1783428204,CSPR/USD,0.035338,0.035306,0.035371,23449.47,2407812.0,normal
1783428205,CSPR/USD,0.035296,0.035273,0.035318,3232.4,1057125.43,normal
1783428206,CSPR/USD,0.03529,0.035256,0.035323,579.45,1387795.17,normal
1783428207,CSPR/USD,0.035234,0.035212,0.035255,16764.69,2297223.62,normal
1783428208,CSPR/USD,0.035204,0.035182,0.035226,4273.5,1854643.18,normal
1783428209,CSPR/USD,0.035139,0.035128,0.035151,11271.57,1736074.96,normal
1783428210,CSPR/USD,0.035245,0.035215,0.035275,10491.52,1911126.38,normal
1783428211,CSPR/USD,0.035247,0.035232,0.035263,47568.23,2157644.51,normal
1783428212,CSPR/USD,0.035209,0.035177,0.035242,18398.0,2255338.54,normal
1783428213,CSPR/USD,0.035221,0.035188,0.035254,15255.38,1785279.34,normal
1783428214,CSPR/USD,0.035215,0.035181,0.035249,26097.45,2280014.55,normal
1783428215,CSPR/USD,0.035203,0.03518,0.035225,17940.18,1570795.05,normal
1783428216,CSPR/USD,0.035236,0.035209,0.035263,9263.7,1054581.71,normal
1783428217,CSPR/USD,0.035277,0.035247,0.035306,31482.3,2260153.42,normal
1783428218,CSPR/USD,0.035248,0.035236,0.035261,5498.33,1582945.65,normal
1783428219,CSPR/USD,0.035217,0.035192,0.035242,17302.35,2312275.18,normal
1783428220,CSPR/USD,0.035202,0.035193,0.035212,3873.62,580335.63,normal
1783428221,CSPR/USD,0.035078,0.035057,0.0351,15727.33,1295031.5,normal
1783428222,CSPR/USD,0.034997,0.034984,0.03501,15590.11,2395610.04,normal
1783428223,CSPR/USD,0.03507,0.035057,0.035084,51080.8,999300.19,normal
1783428224,CSPR/USD,0.035159,0.03514,0.035177,3820.06,2383072.49,normal
1783428225,CSPR/USD,0.035145,0.035125,0.035166,8260.91,2407804.92,normal
1783428226,CSPR/USD,0.035176,0.035151,0.035202,25800.42,2264284.63,normal
1783428227,CSPR/USD,0.035193,0.035182,0.035204,17470.23,1627336.09,normal
1783428228,CSPR/USD,0.035359,0.035337,0.035382,15432.7,1793878.9,normal
1783428229,CSPR/USD,0.03542,0.035406,0.035434,6217.3,2239234.0,normal
1783428230,CSPR/USD,0.035413,0.035389,0.035437,8327.72,2051794.16,normal
1783428231,CSPR/USD,0.035361,0.035336,0.035387,36171.72,1760187.7,normal
1783428232,CSPR/USD,0.035274,0.035251,0.035298,12820.4,2464518.82,normal
1783428233,CSPR/USD,0.035285,0.035257,0.035314,18038.94,1871353.27,normal
1783428234,CSPR/USD,0.035245,0.035227,0.035262,12183.64,2450963.98,normal
1783428235,CSPR/USD,0.035168,0.035139,0.035197,5185.03,614776.95,normal
1783428236,CSPR/USD,0.035133,0.035113,0.035153,28199.18,777920.74,normal
1783428237,CSPR/USD,0.035075,0.035053,0.035096,19981.98,1402917.69,normal
1783428238,CSPR/USD,0.035166,0.03514,0.035192,84500.22,1269758.92,normal
1783428239,CSPR/USD,0.035213,0.035204,0.035222,5928.55,2065469.68,normal
1783428240,CSPR/USD,0.035213,0.035187,0.035239,25798.16,821228.05,normal
1783428241,CSPR/USD,0.035293,0.035267,0.035318,4678.65,2452190.36,normal
1783428242,CSPR/USD,0.035297,0.03528,0.035314,15151.84,1130131.75,normal
1783428243,CSPR/USD,0.03525,0.035239,0.035261,29179.02,1357847.42,normal
1783428244,CSPR/USD,0.035332,0.035321,0.035344,2546.03,1049490.06,normal
1783428245,CSPR/USD,0.035362,0.035328,0.035395,11339.57,1658727.23,normal
1783428246,CSPR/USD,0.035305,0.035278,0.035332,8513.7,617257.4,normal
1783428247,CSPR/USD,0.035295,0.035283,0.035307,7619.26,799355.01,normal
1783428248,CSPR/USD,0.035248,0.03523,0.035266,18181.69,1991595.41,normal
1783428249,CSPR/USD,0.035173,0.035149,0.035198,32746.41,873001.17,normal
1783428250,CSPR/USD,0.035223,0.035192,0.035254,12008.58,971028.9,normal
1783428251,CSPR/USD,0.035326,0.035316,0.035336,15746.75,2085964.47,normal
1783428252,CSPR/USD,0.035251,0.035236,0.035266,14639.04,686602.36,normal
1783428253,CSPR/USD,0.035281,0.035249,0.035313,13379.02,1374947.65,normal
1783428254,CSPR/USD,0.035246,0.035237,0.035255,5588.83,546126.77,normal
1783428255,CSPR/USD,0.03522,0.035205,0.035234,32427.29,1193614.8,normal
1783428256,CSPR/USD,0.035188,0.035154,0.035222,16918.39,1897962.81,normal
1783428257,CSPR/USD,0.035141,0.035116,0.035166,18322.87,680206.56,normal
1783428258,CSPR/USD,0.035144,0.035128,0.035159,7007.89,2276669.25,normal
1783428259,CSPR/USD,0.035099,0.035088,0.03511,9252.27,2318998.09,normal
1783428260,CSPR/USD,0.035114,0.035104,0.035123,11603.85,709980.75,normal
1783428261,CSPR/USD,0.035111,0.035096,0.035126,3915.51,2481464.87,normal
1783428262,CSPR/USD,0.035098,0.035066,0.03513,3461.9,1095059.11,normal
1783428263,CSPR/USD,0.035049,0.035029,0.035069,8261.83,668203.34,normal
1783428264,CSPR/USD,0.035018,0.034991,0.035046,20292.7,510134.23,normal
1783428265,CSPR/USD,0.035059,0.035026,0.035092,7922.72,1317045.79,normal
1783428266,CSPR/USD,0.035086,0.035066,0.035105,5913.28,1759619.97,normal
1783428267,CSPR/USD,0.035033,0.035019,0.035047,6962.2,1164358.5,normal
1783428268,CSPR/USD,0.035038,0.035016,0.035061,9281.01,2173434.73,normal
1783428269,CSPR/USD,0.035079,0.035046,0.035111,10065.94,1933212.55,normal
1783428270,CSPR/USD,0.034989,0.034959,0.035019,75539.97,1200323.06,normal
1783428271,CSPR/USD,0.035018,0.035008,0.035029,31060.63,1968619.33,normal
1783428272,CSPR/USD,0.034983,0.034956,0.03501,30327.78,2380975.47,normal
1783428273,CSPR/USD,0.035013,0.03499,0.035037,34025.46,686192.0,normal
1783428274,CSPR/USD,0.034972,0.03494,0.035005,6008.58,1112207.92,normal
1783428275,CSPR/USD,0.034876,0.034864,0.034888,5024.64,1426651.88,normal
1783428276,CSPR/USD,0.034789,0.034766,0.034812,5511.01,1495980.26,normal
1783428277,CSPR/USD,0.034792,0.03476,0.034823,38855.5,1584391.29,normal
1783428278,CSPR/USD,0.034805,0.034786,0.034825,8623.5,1101253.81,normal
1783428279,CSPR/USD,0.034757,0.034736,0.034778,4909.44,1834519.29,normal
1783428280,CSPR/USD,0.034791,0.034781,0.034802,9463.55,1790169.01,normal
1783428281,CSPR/USD,0.034703,0.034687,0.034719,11038.18,1655643.01,normal
1783428282,CSPR/USD,0.034699,0.034682,0.034716,16559.75,727523.44,normal
1783428283,CSPR/USD,0.034635,0.034602,0.034668,16330.03,1453935.78,normal
1783428284,CSPR/USD,0.0346,0.034584,0.034616,6887.45,1212453.77,normal
1783428285,CSPR/USD,0.034603,0.034582,0.034623,23121.66,1482076.94,normal
1783428286,CSPR/USD,0.034557,0.034531,0.034583,8011.6,2343732.87,normal
1783428287,CSPR/USD,0.034537,0.034524,0.03455,11789.67,1461062.69,normal
1783428288,CSPR/USD,0.03459,0.034569,0.034611,23142.34,527961.58,normal
1783428289,CSPR/USD,0.03456,0.034532,0.034587,7994.77,1377673.48,normal
1783428290,CSPR/USD,0.034604,0.034573,0.034635,8471.97,2141296.36,normal
1783428291,CSPR/USD,0.034544,0.034519,0.034569,21446.88,2060121.85,normal
1783428292,CSPR/USD,0.034572,0.034546,0.034598,6726.52,1526780.15,normal
1783428293,CSPR/USD,0.034648,0.034636,0.03466,9819.9,999538.03,normal
1783428294,CSPR/USD,0.034518,0.034484,0.034551,20839.25,1430177.33,normal
1783428295,CSPR/USD,0.034475,0.034463,0.034487,69097.51,1627404.44,normal
1783428296,CSPR/USD,0.034506,0.034477,0.034535,21683.86,2499742.88,normal
1783428297,CSPR/USD,0.034495,0.03448,0.034511,19498.87,1788356.18,normal
1783428298,CSPR/USD,0.034515,0.034482,0.034548,20427.58,1888529.86,normal
1783428299,CSPR/USD,0.034483,0.034456,0.03451,5661.52,1482908.29,normal
1783428300,CSPR/USD,0.034487,0.034459,0.034515,14654.13,1208979.1,normal
1783428301,CSPR/USD,0.034479,0.034465,0.034493,13045.35,2125905.97,normal
1783428302,CSPR/USD,0.034541,0.034521,0.034561,17279.35,1489864.65,normal
1783428303,CSPR/USD,0.034554,0.03453,0.034579,14664.82,2489380.26,normal
1783428304,CSPR/USD,0.034572,0.034543,0.034601,18101.67,1414241.15,normal
1783428305,CSPR/USD,0.03455,0.034539,0.034562,10413.17,636000.57,normal
1783428306,CSPR/USD,0.034524,0.034491,0.034558,14001.04,1865156.27,normal
1783428307,CSPR/USD,0.034502,0.03447,0.034533,5002.72,593282.9,normal
1783428308,CSPR/USD,0.034522,0.034507,0.034538,10343.09,1001003.19,normal
1783428309,CSPR/USD,0.0345,0.03447,0.03453,40646.45,1207476.51,normal
1783428310,CSPR/USD,0.034515,0.034493,0.034537,17241.02,1978967.17,normal
1783428311,CSPR/USD,0.034625,0.034605,0.034646,13137.99,1488471.85,normal
1783428312,CSPR/USD,0.034671,0.034655,0.034688,60894.53,557291.86,normal
1783428313,CSPR/USD,0.034654,0.03463,0.034678,4497.75,1733699.7,normal
1783428314,CSPR/USD,0.034718,0.03469,0.034746,5499.63,1322872.47,normal
1783428315,CSPR/USD,0.034696,0.034677,0.034716,52584.1,2343669.02,normal
1783428316,CSPR/USD,0.034588,0.034563,0.034613,13860.09,1499124.62,normal
1783428317,CSPR/USD,0.034535,0.034508,0.034561,11003.11,1917950.29,normal
1783428318,CSPR/USD,0.034436,0.034409,0.034463,5118.6,937736.98,normal
1783428319,CSPR/USD,0.034417,0.034407,0.034427,19113.63,2021947.13,normal
1783428320,CSPR/USD,0.034418,0.034388,0.034449,20652.01,1941910.62,normal
1783428321,CSPR/USD,0.034507,0.034486,0.034527,5565.85,2308163.42,normal
1783428322,CSPR/USD,0.034524,0.034509,0.034539,11941.55,567643.28,normal
1783428323,CSPR/USD,0.034512,0.034498,0.034527,10214.74,1395001.4,normal
1783428324,CSPR/USD,0.034556,0.034535,0.034577,16395.82,1858310.81,normal
1783428325,CSPR/USD,0.034439,0.034408,0.034471,5456.7,690327.8,normal
1783428326,CSPR/USD,0.034452,0.034433,0.03447,36372.13,1321208.13,normal
1783428327,CSPR/USD,0.034492,0.034464,0.034521,27796.32,2384293.21,normal
1783428328,CSPR/USD,0.034414,0.034403,0.034426,9991.2,1371868.98,normal
1783428329,CSPR/USD,0.034475,0.034454,0.034496,11235.85,2470809.57,normal
1783428330,CSPR/USD,0.034493,0.034458,0.034527,11978.42,613678.12,normal
1783428331,CSPR/USD,0.034471,0.034442,0.034499,7167.79,1935659.55,normal
1783428332,CSPR/USD,0.034504,0.03449,0.034518,9369.89,1662032.47,normal
1783428333,CSPR/USD,0.034624,0.034603,0.034646,10762.08,1501079.35,normal
1783428334,CSPR/USD,0.034634,0.034619,0.034649,48547.34,2441694.8,normal
1783428335,CSPR/USD,0.034647,0.034628,0.034666,28489.61,759300.8,normal
1783428336,CSPR/USD,0.034623,0.034594,0.034651,28218.24,2291997.9,normal
1783428337,CSPR/USD,0.034578,0.034549,0.034606,17960.69,1882480.82,normal
1783428338,CSPR/USD,0.034622,0.034607,0.034636,5465.1,1017992.15,normal
1783428339,CSPR/USD,0.034576,0.034544,0.034609,12923.56,2303338.29,normal
1783428340,CSPR/USD,0.03458,0.034556,0.034604,29038.88,1358589.84,normal
1783428341,CSPR/USD,0.034555,0.034536,0.034573,4882.38,2128454.66,normal
1783428342,CSPR/USD,0.03458,0.034558,0.034602,22230.99,1277673.03,normal
1783428343,CSPR/USD,0.034598,0.034573,0.034622,85655.39,2201861.65,normal
1783428344,CSPR/USD,0.034653,0.034629,0.034676,31239.96,1773258.24,normal
1783428345,CSPR/USD,0.034626,0.034604,0.034647,41407.75,782093.27,normal
1783428346,CSPR/USD,0.034611,0.034589,0.034633,15909.49,1799326.33,normal
1783428347,CSPR/USD,0.034559,0.034546,0.034573,28979.55,882689.53,normal
1783428348,CSPR/USD,0.034536,0.034506,0.034565,7522.98,1323845.26,normal
1783428349,CSPR/USD,0.034556,0.034533,0.034578,25252.77,840591.17,normal
1783428350,CSPR/USD,0.034596,0.034584,0.034608,22550.45,544032.23,normal
1783428351,CSPR/USD,0.034547,0.034518,0.034575,16847.02,923773.08,normal
1783428352,CSPR/USD,0.034593,0.03456,0.034626,38284.71,1572744.05,normal
1783428353,CSPR/USD,0.034665,0.034632,0.034698,8681.7,1463121.94,normal
1783428354,CSPR/USD,0.034687,0.034668,0.034705,11502.89,1502994.19,normal
1783428355,CSPR/USD,0.034787,0.034774,0.034799,14419.97,995373.76,normal
1783428356,CSPR/USD,0.034745,0.034723,0.034768,5862.38,1870322.4,normal
1783428357,CSPR/USD,0.034679,0.034668,0.034691,16019.24,1908526.57,normal
1783428358,CSPR/USD,0.034585,0.034552,0.034618,3377.38,1215935.65,normal
1783428359,CSPR/USD,0.034664,0.034651,0.034678,30870.73,2262340.18,normal
1783428360,CSPR/USD,0.034699,0.034684,0.034714,13867.59,1788046.43,normal
1783428361,CSPR/USD,0.034696,0.034677,0.034715,8806.86,1926078.55,normal
1783428362,CSPR/USD,0.034711,0.034692,0.034729,6853.41,1054679.84,normal
1783428363,CSPR/USD,0.034651,0.034622,0.03468,11073.79,501223.27,normal
1783428364,CSPR/USD,0.034781,0.03476,0.034802,23169.86,2230751.22,normal
1783428365,CSPR/USD,0.034788,0.034775,0.034801,20706.26,2144848.77,normal
1783428366,CSPR/USD,0.034794,0.034778,0.034809,7597.46,746383.78,normal
1783428367,CSPR/USD,0.034832,0.03481,0.034854,6789.74,1248210.27,normal
1783428368,CSPR/USD,0.034858,0.034845,0.03487,22595.79,1822678.62,normal
1783428369,CSPR/USD,0.03487,0.034845,0.034895,7495.98,1804221.71,normal
1783428370,CSPR/USD,0.034828,0.034804,0.034851,14015.62,2220700.67,normal
1783428371,CSPR/USD,0.034853,0.034825,0.03488,14750.08,780536.32,normal
1783428372,CSPR/USD,0.034953,0.03492,0.034987,17148.22,1359879.5,normal
1783428373,CSPR/USD,0.035025,0.034993,0.035058,26545.52,694448.84,normal
1783428374,CSPR/USD,0.035111,0.035077,0.035145,4864.06,1279190.5,normal
1783428375,CSPR/USD,0.035083,0.035068,0.035099,2895.96,530214.89,normal
1783428376,CSPR/USD,0.03503,0.035018,0.035042,8484.89,2296546.13,normal
1783428377,CSPR/USD,0.035023,0.035007,0.03504,56456.33,1554087.99,normal
1783428378,CSPR/USD,0.035026,0.034994,0.035059,67355.46,2199604.52,normal
1783428379,CSPR/USD,0.035085,0.035051,0.035119,57811.43,619809.4,normal
1783428380,CSPR/USD,0.034994,0.034963,0.035026,11448.51,954916.22,normal
1783428381,CSPR/USD,0.035076,0.035065,0.035088,3210.9,1018759.99,normal
1783428382,CSPR/USD,0.035068,0.035034,0.035102,2049.95,1273382.99,normal
1783428383,CSPR/USD,0.035045,0.035025,0.035065,8174.46,2105732.74,normal
1783428384,CSPR/USD,0.034991,0.034982,0.035,11401.97,1273115.75,normal
1783428385,CSPR/USD,0.034902,0.034882,0.034922,37816.48,909307.06,normal
1783428386,CSPR/USD,0.034946,0.034936,0.034956,26748.79,629980.52,normal
1783428387,CSPR/USD,0.03495,0.034927,0.034973,16025.3,658983.5,normal
1783428388,CSPR/USD,0.034881,0.034863,0.034899,6555.92,2020094.41,normal
1783428389,CSPR/USD,0.034812,0.034791,0.034833,6194.25,1389605.98,normal
1783428390,CSPR/USD,0.034794,0.034769,0.034819,16371.58,1952362.24,normal
1783428391,CSPR/USD,0.034883,0.034852,0.034914,23333.39,1864574.24,normal
1783428392,CSPR/USD,0.034869,0.034843,0.034895,18278.94,770724.92,normal
1783428393,CSPR/USD,0.034789,0.034769,0.034809,5839.04,785775.87,normal
1783428394,CSPR/USD,0.034776,0.034746,0.034806,22483.44,2010684.03,normal
1783428395,CSPR/USD,0.034761,0.034729,0.034794,18783.4,1942536.59,normal
1783428396,CSPR/USD,0.034618,0.034606,0.03463,5672.96,1256061.53,normal
1783428397,CSPR/USD,0.034615,0.034593,0.034638,7133.4,654844.53,normal
1783428398,CSPR/USD,0.034603,0.034587,0.034619,23174.24,524196.04,normal
1783428399,CSPR/USD,0.03464,0.03463,0.03465,11074.43,1076313.9,normal
1783428400,CSPR/USD,0.034738,0.034712,0.034764,47634.75,518444.55,normal
1783428401,CSPR/USD,0.034798,0.034767,0.034829,19948.38,960145.24,normal
1783428402,CSPR/USD,0.034784,0.034771,0.034796,9051.58,1339001.48,normal
1783428403,CSPR/USD,0.034725,0.034695,0.034754,13251.1,742831.53,normal
1783428404,CSPR/USD,0.034862,0.034831,0.034893,14054.62,708555.52,normal
1783428405,CSPR/USD,0.034865,0.034832,0.034897,7459.83,2292874.87,normal
1783428406,CSPR/USD,0.034866,0.03485,0.034881,6437.72,1670940.06,normal
1783428407,CSPR/USD,0.034864,0.034832,0.034897,23414.53,2368911.37,normal
1783428408,CSPR/USD,0.034875,0.034858,0.034892,26270.94,1191652.33,normal
1783428409,CSPR/USD,0.034867,0.034844,0.03489,21655.73,1854289.87,normal
1783428410,CSPR/USD,0.034836,0.034826,0.034846,44902.76,909383.35,normal
1783428411,CSPR/USD,0.034807,0.034797,0.034817,8660.96,1736680.63,normal
1783428412,CSPR/USD,0.034805,0.034778,0.034833,50991.62,759171.46,normal
1783428413,CSPR/USD,0.034777,0.034756,0.034797,6498.09,504161.28,normal
1783428414,CSPR/USD,0.034739,0.034723,0.034754,5942.3,2363063.6,normal
1783428415,CSPR/USD,0.034744,0.034731,0.034758,3268.32,1609788.75,normal
1783428416,CSPR/USD,0.034731,0.034704,0.034757,9352.17,2353881.33,normal
1783428417,CSPR/USD,0.034811,0.034802,0.034819,8928.66,1167663.05,normal
1783428418,CSPR/USD,0.03467,0.03464,0.034699,20348.24,1155572.14,normal
1783428419,CSPR/USD,0.034728,0.034717,0.034738,16238.05,1301310.0,normal
1783428420,CSPR/USD,0.034794,0.03478,0.034808,5144.18,1912081.97,normal
1783428421,CSPR/USD,0.034684,0.034665,0.034702,9757.77,1631617.27,normal
1783428422,CSPR/USD,0.034665,0.034644,0.034687,9925.18,2350709.81,normal
1783428423,CSPR/USD,0.034646,0.034628,0.034664,3226.7,550881.8,normal
1783428424,CSPR/USD,0.034571,0.034554,0.034588,6095.11,1916391.88,normal
1783428425,CSPR/USD,0.03453,0.034496,0.034564,7210.9,1160655.38,normal
1783428426,CSPR/USD,0.034471,0.034446,0.034496,42062.0,860467.3,normal
1783428427,CSPR/USD,0.034564,0.034555,0.034573,15570.92,1520791.25,normal
1783428428,CSPR/USD,0.034613,0.034594,0.034633,22691.26,1510127.57,normal
1783428429,CSPR/USD,0.034681,0.034649,0.034712,4028.27,774022.06,normal
1783428430,CSPR/USD,0.034719,0.034703,0.034736,34730.43,903792.11,normal
1783428431,CSPR/USD,0.034659,0.034648,0.03467,37830.91,1316329.33,normal
1783428432,CSPR/USD,0.034631,0.034603,0.03466,2700.86,1317622.82,normal
1783428433,CSPR/USD,0.034657,0.034633,0.034682,7598.81,1135116.28,normal
1783428434,CSPR/USD,0.034592,0.034569,0.034616,19862.97,797090.3,normal
1783428435,CSPR/USD,0.03463,0.03462,0.03464,22370.78,508747.36,normal
1783428436,CSPR/USD,0.034617,0.034605,0.03463,7763.62,2440470.12,normal
1783428437,CSPR/USD,0.034598,0.034573,0.034622,10463.0,2386998.46,normal
1783428438,CSPR/USD,0.034635,0.034621,0.034649,8284.12,1467300.76,normal
1783428439,CSPR/USD,0.034659,0.034637,0.03468,14593.54,2490103.51,normal
1783428440,CSPR/USD,0.03464,0.034617,0.034662,34812.88,1847308.66,normal
1783428441,CSPR/USD,0.034701,0.034685,0.034717,7209.58,637715.08,normal
1783428442,CSPR/USD,0.034644,0.03461,0.034677,29752.14,735436.4,normal
1783428443,CSPR/USD,0.034676,0.034646,0.034707,7148.53,2332221.69,normal
1783428444,CSPR/USD,0.034708,0.03468,0.034735,6781.12,1760104.4,normal
1783428445,CSPR/USD,0.034691,0.034681,0.034702,25716.18,2186367.25,normal
1783428446,CSPR/USD,0.034709,0.034697,0.03472,27932.58,2296539.3,normal
1783428447,CSPR/USD,0.034642,0.034621,0.034664,26400.23,1395884.02,normal
1783428448,CSPR/USD,0.034691,0.034678,0.034704,4662.76,597051.9,normal
1783428449,CSPR/USD,0.034681,0.034647,0.034716,9202.58,876560.7,normal
1783428450,CSPR/USD,0.034654,0.034641,0.034666,25806.74,633143.89,normal
1783428451,CSPR/USD,0.034709,0.034688,0.034731,13811.18,877479.69,normal
1783428452,CSPR/USD,0.034672,0.034654,0.03469,5659.24,1321065.85,normal
1783428453,CSPR/USD,0.034597,0.034572,0.034622,19276.74,736393.62,normal
1783428454,CSPR/USD,0.034515,0.034503,0.034527,7541.33,833466.5,normal
1783428455,CSPR/USD,0.034547,0.034527,0.034567,56140.9,1391643.56,normal
1783428456,CSPR/USD,0.034479,0.034463,0.034495,45975.93,1180341.9,normal
1783428457,CSPR/USD,0.034572,0.03454,0.034604,21661.2,1435316.25,normal
1783428458,CSPR/USD,0.034462,0.034452,0.034472,39688.05,1358344.06,normal
1783428459,CSPR/USD,0.034551,0.034519,0.034584,14070.46,1788956.05,normal
1783428460,CSPR/USD,0.034563,0.034532,0.034593,24645.51,2374379.1,normal
1783428461,CSPR/USD,0.034557,0.034541,0.034574,43572.27,715728.68,normal
1783428462,CSPR/USD,0.034529,0.0345,0.034558,16258.95,698520.3,normal
1783428463,CSPR/USD,0.03455,0.03454,0.034559,10892.72,2205612.22,normal
1783428464,CSPR/USD,0.034548,0.034514,0.034581,3416.26,1512793.41,normal
1783428465,CSPR/USD,0.034606,0.034584,0.034628,12500.12,2032810.05,normal
1783428466,CSPR/USD,0.034612,0.034596,0.034629,25815.71,930843.81,normal
1783428467,CSPR/USD,0.03462,0.034602,0.034638,28467.17,2157725.15,normal
1783428468,CSPR/USD,0.034601,0.03459,0.034611,20000.09,2347693.25,normal
1783428469,CSPR/USD,0.034598,0.034563,0.034632,8664.25,1770966.03,normal
1783428470,CSPR/USD,0.034614,0.034604,0.034624,2747.76,711758.04,normal
1783428471,CSPR/USD,0.034523,0.034498,0.034549,8989.64,2290589.63,normal
1783428472,CSPR/USD,0.034452,0.034432,0.034472,10472.67,2084975.45,normal
1783428473,CSPR/USD,0.034491,0.034458,0.034525,10401.0,2001755.55,normal
1783428474,CSPR/USD,0.0345,0.034485,0.034515,21913.21,573456.38,normal
1783428475,CSPR/USD,0.034491,0.034468,0.034513,65417.24,2097925.05,normal
1783428476,CSPR/USD,0.034492,0.034471,0.034513,14747.42,775902.02,normal
1783428477,CSPR/USD,0.03451,0.034483,0.034537,11233.04,944772.35,normal
1783428478,CSPR/USD,0.034482,0.034471,0.034492,10857.62,1654269.67,normal
1783428479,CSPR/USD,0.03444,0.034427,0.034454,14757.52,1029961.55,normal
1783428480,CSPR/USD,0.034451,0.034437,0.034465,6886.82,1822696.41,normal
1783428481,CSPR/USD,0.034399,0.034372,0.034427,14708.18,1716140.9,normal
1783428482,CSPR/USD,0.034421,0.034407,0.034434,19161.34,716299.2,normal
1783428483,CSPR/USD,0.034331,0.034308,0.034354,15799.74,1812029.16,normal
1783428484,CSPR/USD,0.034385,0.034371,0.034399,19264.77,2347909.82,normal
1783428485,CSPR/USD,0.03441,0.034379,0.034441,18901.53,822219.81,normal
1783428486,CSPR/USD,0.034423,0.034391,0.034456,3237.26,1694124.04,normal
1783428487,CSPR/USD,0.034475,0.034453,0.034497,22236.63,1183730.74,normal
1783428488,CSPR/USD,0.034563,0.034545,0.034581,7810.22,1419223.34,normal
1783428489,CSPR/USD,0.034617,0.034602,0.034632,5559.86,1074000.36,normal
1783428490,CSPR/USD,0.03452,0.03451,0.034529,5521.69,1208261.27,normal
1783428491,CSPR/USD,0.034452,0.034436,0.034467,18898.41,557823.65,normal
1783428492,CSPR/USD,0.034419,0.034393,0.034444,11180.65,2463103.48,normal
1783428493,CSPR/USD,0.03442,0.034398,0.034443,3478.74,1749599.84,normal
1783428494,CSPR/USD,0.034448,0.034415,0.034481,19583.26,1501411.18,normal
1783428495,CSPR/USD,0.034409,0.034391,0.034428,4223.05,1267430.7,normal
1783428496,CSPR/USD,0.034419,0.034393,0.034446,14940.89,1578749.12,normal
1783428497,CSPR/USD,0.034379,0.034358,0.034401,16168.16,1260212.0,normal
1783428498,CSPR/USD,0.034347,0.034325,0.034369,27131.8,1219815.85,normal
1783428499,CSPR/USD,0.034273,0.034258,0.034289,55567.17,1427893.08,normal
1783428500,CSPR/USD,0.034225,0.034205,0.034245,4483.95,1051966.07,normal
1783428501,CSPR/USD,0.034154,0.034133,0.034175,12810.51,860099.8,normal
1783428502,CSPR/USD,0.034103,0.034076,0.03413,10709.99,1613211.8,normal
1783428503,CSPR/USD,0.034158,0.034125,0.034191,18901.56,2185530.87,normal
1783428504,CSPR/USD,0.034108,0.034091,0.034125,15875.54,805656.36,normal
1783428505,CSPR/USD,0.034246,0.034237,0.034256,10076.52,565468.68,normal
1783428506,CSPR/USD,0.034272,0.034251,0.034293,9388.85,993623.49,normal
1783428507,CSPR/USD,0.034282,0.034259,0.034304,5468.94,2459441.29,normal
1783428508,CSPR/USD,0.034237,0.034224,0.03425,29445.29,2157516.15,normal
1783428509,CSPR/USD,0.034273,0.034245,0.034301,19290.41,1691732.11,normal
1783428510,CSPR/USD,0.034243,0.034209,0.034277,27839.59,2358497.83,normal
1783428511,CSPR/USD,0.03425,0.034217,0.034282,10422.09,1390558.23,normal
1783428512,CSPR/USD,0.034384,0.03437,0.034398,7899.32,2466561.21,normal
1783428513,CSPR/USD,0.034379,0.034348,0.03441,5638.36,1092604.09,normal
1783428514,CSPR/USD,0.034439,0.034413,0.034466,17803.21,980611.5,normal
1783428515,CSPR/USD,0.034402,0.034382,0.034423,5814.82,1776096.4,normal
1783428516,CSPR/USD,0.034401,0.034378,0.034423,58625.82,1256307.94,normal
1783428517,CSPR/USD,0.034494,0.034463,0.034524,4693.28,1752731.08,normal
1783428518,CSPR/USD,0.034461,0.03444,0.034482,16629.41,1109991.04,normal
1783428519,CSPR/USD,0.034556,0.034538,0.034575,46792.76,1735836.51,normal
1783428520,CSPR/USD,0.034594,0.034572,0.034615,21574.6,1051492.52,normal
1783428521,CSPR/USD,0.034564,0.03454,0.034588,15375.63,601944.14,normal
1783428522,CSPR/USD,0.034598,0.034584,0.034611,6156.19,2324271.8,normal
1783428523,CSPR/USD,0.034649,0.034617,0.034681,4423.05,2266410.4,normal
1783428524,CSPR/USD,0.034682,0.034656,0.034708,24736.62,2441596.3,normal
1783428525,CSPR/USD,0.034599,0.034574,0.034624,44574.53,1933054.35,normal
1783428526,CSPR/USD,0.03456,0.034549,0.034572,9404.28,1865442.36,normal
1783428527,CSPR/USD,0.034547,0.034523,0.034571,5370.9,1618006.14,normal
1783428528,CSPR/USD,0.034543,0.034531,0.034555,1869.57,751884.83,normal
1783428529,CSPR/USD,0.034576,0.034565,0.034587,6096.0,878470.62,normal
1783428530,CSPR/USD,0.034585,0.034563,0.034608,12198.58,1078939.38,normal
1783428531,CSPR/USD,0.034515,0.034496,0.034534,48016.43,2280312.73,normal
1783428532,CSPR/USD,0.034535,0.034511,0.034559,22891.18,845939.05,normal
1783428533,CSPR/USD,0.034567,0.034556,0.034578,17052.78,2345746.35,normal
1783428534,CSPR/USD,0.034597,0.034577,0.034617,9700.22,1545571.47,normal
1783428535,CSPR/USD,0.034654,0.034641,0.034667,8378.86,1931139.27,normal
1783428536,CSPR/USD,0.034698,0.034664,0.034733,41131.03,720488.97,normal
1783428537,CSPR/USD,0.034723,0.034699,0.034746,15687.05,1038067.1,normal
1783428538,CSPR/USD,0.034719,0.034692,0.034745,2484.73,2417037.22,normal
1783428539,CSPR/USD,0.034631,0.034614,0.034648,7794.46,1032299.89,normal
1783428540,CSPR/USD,0.034653,0.034642,0.034665,6723.92,1093043.44,normal
1783428541,CSPR/USD,0.034664,0.03463,0.034699,8629.91,895194.77,normal
1783428542,CSPR/USD,0.034679,0.034663,0.034695,20959.11,758147.33,normal
1783428543,CSPR/USD,0.034611,0.034591,0.034631,12259.35,966515.28,normal
1783428544,CSPR/USD,0.034554,0.034528,0.034579,12562.95,1784653.78,normal
1783428545,CSPR/USD,0.03461,0.0346,0.034619,38207.17,1410735.47,normal
1783428546,CSPR/USD,0.034607,0.034578,0.034637,7652.83,1607511.67,normal
1783428547,CSPR/USD,0.034644,0.034621,0.034666,59359.03,744729.66,normal
1783428548,CSPR/USD,0.034645,0.034629,0.034661,7808.39,2104232.89,normal
1783428549,CSPR/USD,0.034647,0.034636,0.034657,14347.9,2068189.4,normal
1783428550,CSPR/USD,0.034696,0.034684,0.034709,10668.35,543179.82,normal
1783428551,CSPR/USD,0.034669,0.034637,0.034701,14746.12,1267030.19,normal
1783428552,CSPR/USD,0.034674,0.034648,0.034701,19066.22,637541.2,normal
1783428553,CSPR/USD,0.03465,0.034634,0.034665,18902.85,2084211.56,normal
1783428554,CSPR/USD,0.034626,0.034616,0.034637,7313.71,1974539.37,normal
1783428555,CSPR/USD,0.03461,0.034583,0.034637,5440.73,2303976.19,normal
1783428556,CSPR/USD,0.034622,0.034598,0.034645,98966.57,972807.92,normal
1783428557,CSPR/USD,0.034596,0.034577,0.034616,9070.77,1412591.77,normal
1783428558,CSPR/USD,0.034663,0.034645,0.034681,23373.78,868975.75,normal
1783428559,CSPR/USD,0.034616,0.034601,0.03463,3691.86,1242469.87,normal
1783428560,CSPR/USD,0.034606,0.03458,0.034632,10681.94,1544486.5,normal
1783428561,CSPR/USD,0.034582,0.034548,0.034616,12067.13,606661.58,normal
1783428562,CSPR/USD,0.034659,0.034646,0.034672,19501.61,1929740.82,normal
1783428563,CSPR/USD,0.034669,0.034645,0.034694,1513.28,1586586.72,normal
1783428564,CSPR/USD,0.034724,0.034704,0.034744,15258.81,2157918.03,normal
1783428565,CSPR/USD,0.034645,0.034625,0.034666,5325.21,1043561.0,normal
1783428566,CSPR/USD,0.034659,0.034644,0.034675,17317.56,2306642.21,normal
1783428567,CSPR/USD,0.034707,0.034676,0.034737,5830.96,2497388.51,normal
1783428568,CSPR/USD,0.034711,0.03469,0.034732,6738.64,2338596.88,normal
1783428569,CSPR/USD,0.034768,0.034745,0.03479,10733.21,2055784.95,normal
1783428570,CSPR/USD,0.03474,0.034723,0.034757,5756.8,2124737.61,normal
1783428571,CSPR/USD,0.034815,0.034802,0.034829,9132.3,1647488.49,normal
1783428572,CSPR/USD,0.034938,0.034927,0.034949,5142.52,880307.73,normal
1783428573,CSPR/USD,0.034918,0.034891,0.034946,3082.4,1854081.37,normal
1783428574,CSPR/USD,0.034895,0.034881,0.034908,30162.83,1925506.0,normal
1783428575,CSPR/USD,0.034972,0.034945,0.034999,4737.01,2470770.28,normal
1783428576,CSPR/USD,0.035057,0.035038,0.035076,11580.24,1582602.63,normal
1783428577,CSPR/USD,0.035029,0.035009,0.035049,24399.38,1042738.03,normal
1783428578,CSPR/USD,0.035006,0.034985,0.035027,8168.53,1867345.04,normal
1783428579,CSPR/USD,0.034991,0.034973,0.03501,6904.08,2458751.64,normal
1783428580,CSPR/USD,0.034919,0.034908,0.034931,16010.35,854427.82,normal
1783428581,CSPR/USD,0.03487,0.034853,0.034887,32674.4,1151995.84,normal
1783428582,CSPR/USD,0.034817,0.034791,0.034843,5242.47,1583761.91,normal
1783428583,CSPR/USD,0.034776,0.03475,0.034802,11847.61,840429.27,normal
1783428584,CSPR/USD,0.034774,0.034758,0.03479,3340.93,544441.28,normal
1783428585,CSPR/USD,0.034786,0.034766,0.034807,9754.06,1173966.24,normal
1783428586,CSPR/USD,0.034869,0.034855,0.034883,13730.35,2230741.6,normal
1783428587,CSPR/USD,0.034816,0.034801,0.03483,6743.27,586936.8,normal
1783428588,CSPR/USD,0.034868,0.034859,0.034877,9268.78,1357858.12,normal
1783428589,CSPR/USD,0.034857,0.034824,0.034889,4330.41,2024401.55,normal
1783428590,CSPR/USD,0.034854,0.03484,0.034868,14209.46,2406365.19,normal
1783428591,CSPR/USD,0.03489,0.034875,0.034905,31087.32,2470950.8,normal
1783428592,CSPR/USD,0.03483,0.034814,0.034846,5554.06,1343938.76,normal
1783428593,CSPR/USD,0.03485,0.034838,0.034862,8118.19,2400768.59,normal
1783428594,CSPR/USD,0.034859,0.034834,0.034885,19971.01,570837.95,normal
1783428595,CSPR/USD,0.034886,0.034875,0.034896,35230.68,1991833.88,normal
1783428596,CSPR/USD,0.034901,0.034889,0.034913,4045.85,1785492.07,normal
1783428597,CSPR/USD,0.035032,0.035007,0.035058,11672.28,999043.72,normal
1783428598,CSPR/USD,0.034998,0.034981,0.035016,16755.88,1514637.0,normal
1783428599,CSPR/USD,0.03497,0.034942,0.034997,12312.31,759107.48,normal
1783428600,CSPR/USD,0.034936,0.034913,0.03496,1841.92,2243194.3,normal
1783428601,CSPR/USD,0.034907,0.034891,0.034922,19947.76,1215796.17,normal
1783428602,CSPR/USD,0.034873,0.034847,0.034898,45047.33,1752088.94,normal
1783428603,CSPR/USD,0.034936,0.034924,0.034948,14666.62,817552.57,normal
1783428604,CSPR/USD,0.035012,0.034989,0.035035,5855.37,912329.69,normal
1783428605,CSPR/USD,0.034982,0.034961,0.035002,8861.74,2483912.74,normal
1783428606,CSPR/USD,0.034937,0.034921,0.034953,55046.33,2006172.79,normal
1783428607,CSPR/USD,0.034962,0.034938,0.034987,27666.29,2423943.74,normal
1783428608,CSPR/USD,0.034933,0.034901,0.034964,22292.85,1091702.33,normal
1783428609,CSPR/USD,0.034966,0.034931,0.035001,17767.57,829125.75,normal
1783428610,CSPR/USD,0.034977,0.034953,0.035002,7872.18,1506136.93,normal
1783428611,CSPR/USD,0.034896,0.034877,0.034915,11379.21,1489336.56,normal
1783428612,CSPR/USD,0.034979,0.034964,0.034994,12552.33,849893.03,normal
1783428613,CSPR/USD,0.035075,0.03506,0.035091,20736.68,1966439.14,normal
1783428614,CSPR/USD,0.035042,0.035021,0.035064,44673.47,1223555.07,normal
1783428615,CSPR/USD,0.035021,0.035003,0.03504,32684.97,872730.46,normal
1783428616,CSPR/USD,0.035037,0.035004,0.03507,4291.93,1163966.79,normal
1783428617,CSPR/USD,0.035055,0.035036,0.035073,15981.64,1627317.4,normal
1783428618,CSPR/USD,0.03509,0.035071,0.035109,24086.59,1952941.86,normal
1783428619,CSPR/USD,0.035198,0.035179,0.035217,21918.54,1463781.77,normal
1783428620,CSPR/USD,0.035189,0.035158,0.03522,8075.69,1551189.98,normal
1783428621,CSPR/USD,0.035146,0.03512,0.035172,137487.37,777891.87,normal
1783428622,CSPR/USD,0.035071,0.035047,0.035096,4809.42,2329381.85,normal
1783428623,CSPR/USD,0.035032,0.035015,0.03505,5616.42,2357448.4,normal
1783428624,CSPR/USD,0.03503,0.035,0.035061,16104.86,1866853.18,normal
1783428625,CSPR/USD,0.035127,0.035117,0.035137,72652.45,535262.82,normal
1783428626,CSPR/USD,0.035099,0.035067,0.035131,6843.43,1574148.43,normal
1783428627,CSPR/USD,0.035111,0.035089,0.035133,10800.39,1758437.94,normal
1783428628,CSPR/USD,0.03511,0.035091,0.035129,31629.17,2489308.45,normal
1783428629,CSPR/USD,0.035174,0.035152,0.035196,13170.18,2492133.91,normal
1783428630,CSPR/USD,0.03531,0.035284,0.035337,10222.2,2215222.47,normal
1783428631,CSPR/USD,0.035282,0.035272,0.035291,21004.8,627661.98,normal
1783428632,CSPR/USD,0.035255,0.035223,0.035287,16614.22,2406552.78,normal
1783428633,CSPR/USD,0.035312,0.035291,0.035332,30465.53,1725322.49,normal
1783428634,CSPR/USD,0.035348,0.03533,0.035366,37540.48,2101773.54,normal
1783428635,CSPR/USD,0.035448,0.035436,0.035461,17078.96,1314385.7,normal
1783428636,CSPR/USD,0.03548,0.03546,0.035501,16871.59,1139338.94,normal
1783428637,CSPR/USD,0.035461,0.035439,0.035483,15855.77,1426488.29,normal
1783428638,CSPR/USD,0.035493,0.035473,0.035512,19757.82,793749.03,normal
1783428639,CSPR/USD,0.035553,0.035526,0.03558,13962.58,1214132.28,normal
1783428640,CSPR/USD,0.035598,0.035577,0.035618,13353.23,2215235.0,normal
1783428641,CSPR/USD,0.035625,0.035591,0.03566,34797.53,575900.97,normal
1783428642,CSPR/USD,0.035683,0.035658,0.035708,44931.44,801756.09,normal
1783428643,CSPR/USD,0.035747,0.035717,0.035778,3999.63,750232.32,normal
1783428644,CSPR/USD,0.035823,0.035811,0.035835,13467.26,1306151.09,normal
1783428645,CSPR/USD,0.035859,0.035839,0.035878,7700.53,2493973.8,normal
1783428646,CSPR/USD,0.035849,0.035831,0.035867,10417.3,846715.86,normal
1783428647,CSPR/USD,0.035857,0.035833,0.035882,18435.12,790965.3,normal
1783428648,CSPR/USD,0.035924,0.035892,0.035956,22823.61,2330111.46,normal
1783428649,CSPR/USD,0.035879,0.035868,0.03589,12213.52,2264101.03,normal
1783428650,CSPR/USD,0.035899,0.035888,0.03591,2890.91,564480.74,normal
1783428651,CSPR/USD,0.035877,0.035846,0.035909,6173.14,2003411.92,normal
1783428652,CSPR/USD,0.035879,0.035864,0.035894,27369.92,1810931.4,normal
1783428653,CSPR/USD,0.035949,0.035922,0.035976,1491.68,2035481.62,normal
1783428654,CSPR/USD,0.03596,0.035936,0.035983,34542.36,1489004.91,normal
1783428655,CSPR/USD,0.035962,0.035931,0.035994,20271.76,2482758.44,normal
1783428656,CSPR/USD,0.035887,0.035875,0.0359,38289.88,587694.04,normal
1783428657,CSPR/USD,0.035928,0.035916,0.035941,11397.45,968743.17,normal
1783428658,CSPR/USD,0.035964,0.03594,0.035988,2567.98,1293091.97,normal
1783428659,CSPR/USD,0.036083,0.036049,0.036118,18850.41,1399555.88,normal
1783428660,CSPR/USD,0.036066,0.036046,0.036086,37038.84,2342734.81,normal
1783428661,CSPR/USD,0.036078,0.03606,0.036096,27994.89,1620008.73,normal
1783428662,CSPR/USD,0.036092,0.036067,0.036117,7862.4,590221.99,normal
1783428663,CSPR/USD,0.036179,0.036145,0.036214,14319.95,1315725.93,normal
1783428664,CSPR/USD,0.036174,0.036142,0.036206,8723.11,1332980.82,normal
1783428665,CSPR/USD,0.036189,0.036153,0.036225,6936.74,2430981.88,normal
1783428666,CSPR/USD,0.036223,0.036213,0.036233,28690.2,1698394.18,normal
1783428667,CSPR/USD,0.036233,0.036221,0.036246,5125.45,1771302.14,normal
1783428668,CSPR/USD,0.036209,0.036183,0.036234,6535.13,1926506.06,normal
1783428669,CSPR/USD,0.036219,0.036188,0.036251,5523.57,2040078.63,normal
1783428670,CSPR/USD,0.036279,0.036262,0.036296,4055.39,1770102.14,normal
1783428671,CSPR/USD,0.036222,0.036206,0.036238,15019.9,974388.7,normal
1783428672,CSPR/USD,0.036229,0.036199,0.03626,33833.36,2248091.83,normal
1783428673,CSPR/USD,0.03619,0.03618,0.036201,11522.98,1964239.6,normal
1783428674,CSPR/USD,0.036257,0.036238,0.036276,4005.41,1983740.97,normal
1783428675,CSPR/USD,0.036172,0.036149,0.036195,26159.18,2493113.48,normal
1783428676,CSPR/USD,0.036141,0.036117,0.036166,51460.07,2105053.07,normal
1783428677,CSPR/USD,0.036162,0.036133,0.036191,7966.54,2158302.81,normal
1783428678,CSPR/USD,0.036249,0.03623,0.036268,9110.26,2402811.03,normal
1783428679,CSPR/USD,0.036245,0.03622,0.036271,20181.64,802268.0,normal
1783428680,CSPR/USD,0.036214,0.036189,0.036239,48898.35,1495454.75,normal
1783428681,CSPR/USD,0.036319,0.036295,0.036343,8814.32,1661134.05,normal
1783428682,CSPR/USD,0.036238,0.036212,0.036265,4601.05,1158551.46,normal
1783428683,CSPR/USD,0.036117,0.036101,0.036133,22139.86,2178806.69,normal
1783428684,CSPR/USD,0.036141,0.03613,0.036152,25317.58,2024839.24,normal
1783428685,CSPR/USD,0.036113,0.036101,0.036125,13425.42,1941766.15,normal
1783428686,CSPR/USD,0.036057,0.036042,0.036072,8548.35,2494298.88,normal
1783428687,CSPR/USD,0.036096,0.036073,0.036118,29599.21,1018762.75,normal
1783428688,CSPR/USD,0.036109,0.036077,0.036141,20382.44,1970914.5,normal
1783428689,CSPR/USD,0.036078,0.03605,0.036106,7224.63,1602808.95,normal
1783428690,CSPR/USD,0.036007,0.035977,0.036038,13894.88,1125978.36,normal
1783428691,CSPR/USD,0.036055,0.036037,0.036074,4530.71,821173.74,normal
1783428692,CSPR/USD,0.036091,0.036071,0.036111,23125.99,2291767.67,normal
1783428693,CSPR/USD,0.036086,0.036066,0.036106,10831.49,1690910.97,normal
1783428694,CSPR/USD,0.036188,0.036174,0.036202,9427.93,2149867.68,normal
1783428695,CSPR/USD,0.036129,0.036118,0.036139,13012.95,1590689.97,normal
1783428696,CSPR/USD,0.036044,0.036019,0.036069,13797.55,939954.16,normal
1783428697,CSPR/USD,0.036006,0.035971,0.036042,27335.57,1175097.63,normal
1783428698,CSPR/USD,0.036004,0.03599,0.036017,21436.97,1263077.68,normal
1783428699,CSPR/USD,0.036017,0.036007,0.036027,11788.42,2445869.63,normal
1783428700,CSPR/USD,0.036004,0.035974,0.036034,24610.65,511266.56,normal
1783428701,CSPR/USD,0.036023,0.036007,0.036039,18408.91,2471332.05,normal
1783428702,CSPR/USD,0.035954,0.035923,0.035986,9496.9,2460923.27,normal
1783428703,CSPR/USD,0.036034,0.036006,0.036062,12091.11,2492301.58,normal
1783428704,CSPR/USD,0.036029,0.035995,0.036064,11865.87,1453176.36,normal
1783428705,CSPR/USD,0.036091,0.036071,0.036111,20014.44,2427617.94,normal
1783428706,CSPR/USD,0.03611,0.036083,0.036137,9960.49,1291198.36,normal
1783428707,CSPR/USD,0.036135,0.036113,0.036157,9775.87,552588.88,normal
1783428708,CSPR/USD,0.036167,0.03614,0.036193,64537.77,948694.37,normal
1783428709,CSPR/USD,0.036191,0.03617,0.036213,28333.17,2390592.49,normal
1783428710,CSPR/USD,0.036227,0.036213,0.036241,7270.06,527529.39,normal
1783428711,CSPR/USD,0.036301,0.036278,0.036324,21094.19,1591988.27,normal
1783428712,CSPR/USD,0.036312,0.036288,0.036335,14686.44,651203.18,normal
1783428713,CSPR/USD,0.036351,0.03632,0.036382,18274.12,1072793.16,normal
1783428714,CSPR/USD,0.036346,0.036317,0.036375,14911.28,676185.7,normal
1783428715,CSPR/USD,0.036426,0.036399,0.036453,34603.64,2219057.24,normal
1783428716,CSPR/USD,0.036388,0.036376,0.036401,17614.83,1682141.42,normal
1783428717,CSPR/USD,0.036489,0.03646,0.036518,12712.35,2304212.93,normal
1783428718,CSPR/USD,0.036487,0.036464,0.036509,30753.3,1876706.4,normal
1783428719,CSPR/USD,0.036407,0.036373,0.03644,16100.86,2442058.26,normal
1783428720,CSPR/USD,0.036414,0.03638,0.036448,14723.25,1519755.31,normal
1783428721,CSPR/USD,0.036376,0.036365,0.036387,17175.14,1777421.16,normal
1783428722,CSPR/USD,0.036423,0.036391,0.036454,12395.8,1652617.64,normal
1783428723,CSPR/USD,0.036386,0.036376,0.036396,13458.71,1468520.86,normal
1783428724,CSPR/USD,0.036361,0.036342,0.036381,8355.24,2191918.73,normal
1783428725,CSPR/USD,0.036256,0.036233,0.03628,7325.13,1789050.27,normal
1783428726,CSPR/USD,0.036231,0.036218,0.036244,6009.78,2102624.53,normal
1783428727,CSPR/USD,0.036097,0.036068,0.036126,4387.05,2072727.87,normal
1783428728,CSPR/USD,0.03601,0.036,0.036019,6609.25,882090.32,normal
1783428729,CSPR/USD,0.036052,0.036038,0.036065,11621.2,1800327.07,normal
1783428730,CSPR/USD,0.036095,0.03607,0.03612,14508.56,899296.04,normal
1783428731,CSPR/USD,0.036118,0.03609,0.036147,10753.24,1666640.96,normal
1783428732,CSPR/USD,0.036065,0.036031,0.036099,2029.28,1854869.37,normal
1783428733,CSPR/USD,0.036062,0.036034,0.03609,47083.09,2494470.14,normal
1783428734,CSPR/USD,0.036062,0.036035,0.036089,31862.47,561083.96,normal
1783428735,CSPR/USD,0.035998,0.035979,0.036018,19084.04,682484.79,normal
1783428736,CSPR/USD,0.036081,0.036072,0.03609,61450.82,654053.39,normal
1783428737,CSPR/USD,0.03613,0.036117,0.036142,6112.61,1296722.57,normal
1783428738,CSPR/USD,0.036117,0.036094,0.036141,60481.94,2143176.72,normal
1783428739,CSPR/USD,0.036119,0.036092,0.036146,6172.31,2188112.67,normal
1783428740,CSPR/USD,0.03613,0.03611,0.036151,16171.25,1973959.19,normal
1783428741,CSPR/USD,0.036018,0.035989,0.036046,4821.93,2293756.48,normal
1783428742,CSPR/USD,0.036004,0.035981,0.036027,13517.7,1145719.89,normal
1783428743,CSPR/USD,0.035966,0.035955,0.035977,18195.57,676309.29,normal
1783428744,CSPR/USD,0.035911,0.035897,0.035925,11804.64,616306.06,normal
1783428745,CSPR/USD,0.035896,0.035864,0.035927,23649.61,2204265.44,normal
1783428746,CSPR/USD,0.035995,0.035966,0.036023,14461.01,1960872.59,normal
1783428747,CSPR/USD,0.03603,0.035997,0.036063,8796.14,1897230.61,normal
1783428748,CSPR/USD,0.035998,0.035986,0.036011,8489.19,1179352.68,normal
1783428749,CSPR/USD,0.03603,0.035994,0.036066,25558.65,1259810.38,normal
1783428750,CSPR/USD,0.036107,0.036093,0.036122,7918.89,2416227.06,normal
1783428751,CSPR/USD,0.036158,0.036149,0.036168,27786.97,627609.49,normal
1783428752,CSPR/USD,0.036162,0.036126,0.036198,35531.31,2047463.47,normal
1783428753,CSPR/USD,0.036126,0.036109,0.036142,3515.82,1119266.65,normal
1783428754,CSPR/USD,0.036164,0.036137,0.036192,33068.65,578109.24,normal
1783428755,CSPR/USD,0.036186,0.036172,0.0362,69448.32,1985140.22,normal
1783428756,CSPR/USD,0.036236,0.036211,0.036261,16343.79,1161823.77,normal
1783428757,CSPR/USD,0.036271,0.036237,0.036305,21574.5,1944295.04,normal
1783428758,CSPR/USD,0.036329,0.036312,0.036347,30625.99,1915308.77,normal
1783428759,CSPR/USD,0.0363,0.036272,0.036327,10717.3,1569573.75,normal
1783428760,CSPR/USD,0.036373,0.036359,0.036387,15457.11,2054746.26,normal
1783428761,CSPR/USD,0.036384,0.036358,0.03641,4668.72,1662076.65,normal
1783428762,CSPR/USD,0.0365,0.036481,0.036518,14926.72,1073273.71,normal
1783428763,CSPR/USD,0.036461,0.036446,0.036476,19900.29,1968230.6,normal
1783428764,CSPR/USD,0.036558,0.03654,0.036576,20189.75,1678279.63,normal
1783428765,CSPR/USD,0.036569,0.036555,0.036583,31330.26,525454.56,normal
1783428766,CSPR/USD,0.036533,0.036499,0.036566,7187.93,2303288.36,normal
1783428767,CSPR/USD,0.036506,0.036486,0.036526,8724.71,1591287.24,normal
1783428768,CSPR/USD,0.036488,0.036472,0.036503,60864.53,2237254.53,normal
1783428769,CSPR/USD,0.036511,0.03649,0.036533,11845.9,2265473.68,normal
1783428770,CSPR/USD,0.036541,0.036523,0.036558,15678.21,1389933.31,normal
1783428771,CSPR/USD,0.036508,0.036479,0.036538,12662.4,1515319.99,normal
1783428772,CSPR/USD,0.036507,0.036471,0.036543,6923.35,1331508.78,normal
1783428773,CSPR/USD,0.036627,0.036606,0.036648,48963.16,1398873.55,normal
1783428774,CSPR/USD,0.036724,0.036691,0.036757,8759.02,2290294.32,normal
1783428775,CSPR/USD,0.036748,0.036724,0.036773,5421.74,2076288.03,normal
1783428776,CSPR/USD,0.036751,0.036737,0.036764,9315.25,753051.35,normal
1783428777,CSPR/USD,0.036757,0.036729,0.036786,2693.6,1720615.56,normal
1783428778,CSPR/USD,0.036792,0.036768,0.036815,7934.46,2491813.28,normal
1783428779,CSPR/USD,0.036734,0.036707,0.036761,6157.94,1691101.4,normal
1783428780,CSPR/USD,0.03672,0.036686,0.036753,21893.45,2071743.25,normal
1783428781,CSPR/USD,0.036626,0.036605,0.036647,7795.24,2038122.95,normal
1783428782,CSPR/USD,0.036648,0.036614,0.036682,27180.18,1200635.05,normal
1783428783,CSPR/USD,0.036685,0.036655,0.036715,40895.99,1243698.61,normal
1783428784,CSPR/USD,0.036658,0.036635,0.03668,24957.76,1948152.84,normal
1783428785,CSPR/USD,0.036746,0.03672,0.036772,11245.12,1499967.06,normal
1783428786,CSPR/USD,0.036677,0.036659,0.036695,14956.36,1641141.42,normal
1783428787,CSPR/USD,0.036595,0.036559,0.036631,3944.24,1925811.58,normal
1783428788,CSPR/USD,0.036607,0.03658,0.036635,12003.78,2055150.05,normal
1783428789,CSPR/USD,0.036666,0.036656,0.036677,6711.98,1043033.16,normal
1783428790,CSPR/USD,0.036761,0.036743,0.036779,23282.59,793587.52,normal
1783428791,CSPR/USD,0.036735,0.036709,0.036761,104631.71,1083589.29,normal
1783428792,CSPR/USD,0.036796,0.036785,0.036806,19927.53,1515076.65,normal
1783428793,CSPR/USD,0.036793,0.036784,0.036803,2716.47,1184282.63,normal
1783428794,CSPR/USD,0.036784,0.036762,0.036805,10006.76,1636725.52,normal
1783428795,CSPR/USD,0.036833,0.036815,0.036852,14735.17,606931.45,normal
1783428796,CSPR/USD,0.03687,0.036849,0.036892,14326.78,1519500.82,normal
1783428797,CSPR/USD,0.036781,0.036765,0.036798,7445.38,1235969.81,normal
1783428798,CSPR/USD,0.036865,0.036851,0.036878,16256.26,1569333.51,normal
1783428799,CSPR/USD,0.036943,0.036914,0.036971,4944.34,1345066.71,normal
1783428800,CSPR/USD,0.036907,0.036884,0.036931,6273.4,1068451.7,normal
1783428801,CSPR/USD,0.03693,0.036915,0.036944,22396.01,2308215.81,normal
1783428802,CSPR/USD,0.036957,0.036939,0.036976,5928.16,869529.98,normal
1783428803,CSPR/USD,0.036972,0.036947,0.036998,20549.04,1862731.15,normal
1783428804,CSPR/USD,0.036941,0.03693,0.036952,4466.81,2349289.43,normal
1783428805,CSPR/USD,0.036903,0.03689,0.036916,54822.76,1577339.92,normal
1783428806,CSPR/USD,0.036902,0.03689,0.036913,7190.99,2252816.98,normal
1783428807,CSPR/USD,0.036968,0.036936,0.037,11170.89,749702.96,normal
1783428808,CSPR/USD,0.036999,0.036968,0.037029,17404.61,1487577.54,normal
1783428809,CSPR/USD,0.036978,0.036947,0.037008,8499.14,1414050.56,normal
1783428810,CSPR/USD,0.037021,0.036992,0.03705,14983.8,516237.61,normal
1783428811,CSPR/USD,0.03686,0.036832,0.036888,21168.84,1386514.68,normal
1783428812,CSPR/USD,0.036925,0.036903,0.036947,28810.37,1238059.51,normal
1783428813,CSPR/USD,0.036827,0.0368,0.036854,25164.71,1839597.46,normal
1783428814,CSPR/USD,0.036806,0.036796,0.036817,11644.06,2376659.56,normal
1783428815,CSPR/USD,0.036743,0.036717,0.03677,11880.99,671582.18,normal
1783428816,CSPR/USD,0.03667,0.03664,0.036701,87490.62,1154952.77,normal
1783428817,CSPR/USD,0.036736,0.036713,0.036759,28564.25,1388129.47,normal
1783428818,CSPR/USD,0.036709,0.03669,0.036728,6390.33,1410370.76,normal
1783428819,CSPR/USD,0.036729,0.036712,0.036746,14472.28,2049619.44,normal
1783428820,CSPR/USD,0.036726,0.036699,0.036753,10217.79,1386791.33,normal
1783428821,CSPR/USD,0.036753,0.036725,0.036781,11988.85,554322.6,normal
1783428822,CSPR/USD,0.036757,0.036724,0.03679,4996.05,1920208.19,normal
1783428823,CSPR/USD,0.036685,0.036667,0.036704,9609.06,2269659.39,normal
1783428824,CSPR/USD,0.036741,0.036711,0.036772,56911.04,1527809.43,normal
1783428825,CSPR/USD,0.036713,0.036689,0.036738,21231.92,1662217.04,normal
1783428826,CSPR/USD,0.036626,0.036593,0.036659,1820.87,825872.88,normal
1783428827,CSPR/USD,0.036602,0.036578,0.036626,35361.49,941291.89,normal
1783428828,CSPR/USD,0.036686,0.036663,0.036709,31942.85,970340.48,normal
1783428829,CSPR/USD,0.036734,0.036709,0.036759,10022.34,1361483.95,normal
1783428830,CSPR/USD,0.036714,0.036684,0.036744,23713.76,2356290.44,normal
1783428831,CSPR/USD,0.036695,0.036659,0.03673,6717.56,1543569.53,normal
1783428832,CSPR/USD,0.036676,0.036665,0.036688,9170.94,884195.29,normal
1783428833,CSPR/USD,0.036793,0.036783,0.036804,44304.3,1032175.47,normal
1783428834,CSPR/USD,0.036815,0.03678,0.03685,10749.52,1268030.06,normal
1783428835,CSPR/USD,0.036839,0.036815,0.036863,2993.55,1746517.95,normal
1783428836,CSPR/USD,0.036897,0.036871,0.036923,12700.0,1380066.31,normal
1783428837,CSPR/USD,0.036911,0.036888,0.036933,12545.65,1284889.69,normal
1783428838,CSPR/USD,0.036896,0.036884,0.036908,34846.04,1629457.2,normal
1783428839,CSPR/USD,0.036885,0.036854,0.036915,13513.83,983669.99,normal
1783428840,CSPR/USD,0.036881,0.036851,0.036911,9535.09,657806.55,normal
1783428841,CSPR/USD,0.036879,0.036861,0.036896,30823.88,548828.63,normal
1783428842,CSPR/USD,0.03692,0.036902,0.036937,14715.14,1002518.33,normal
1783428843,CSPR/USD,0.036923,0.03689,0.036955,7331.84,683184.07,normal
1783428844,CSPR/USD,0.036964,0.036953,0.036975,33657.73,1172681.28,normal
1783428845,CSPR/USD,0.036959,0.036926,0.036993,15598.49,2045867.08,normal
1783428846,CSPR/USD,0.036964,0.036948,0.03698,13391.04,1932588.66,normal
1783428847,CSPR/USD,0.036851,0.036825,0.036877,15403.14,1721855.25,normal
1783428848,CSPR/USD,0.036903,0.036868,0.036938,5672.95,2205000.49,normal
1783428849,CSPR/USD,0.036922,0.036894,0.03695,8759.35,1064135.25,normal
1783428850,CSPR/USD,0.036979,0.036958,0.036999,13398.07,2270107.51,normal
1783428851,CSPR/USD,0.036815,0.036787,0.036843,11433.11,1298478.34,normal
1783428852,CSPR/USD,0.036933,0.036914,0.036952,36972.98,1301786.64,normal
1783428853,CSPR/USD,0.036925,0.036908,0.036942,15897.62,1310703.23,normal
1783428854,CSPR/USD,0.036988,0.036951,0.037025,26474.13,696188.73,normal
1783428855,CSPR/USD,0.036929,0.036899,0.036959,13460.52,2450981.0,normal
1783428856,CSPR/USD,0.036963,0.036936,0.036991,31102.11,777013.56,normal
1783428857,CSPR/USD,0.036904,0.036885,0.036923,18361.7,1181771.45,normal
1783428858,CSPR/USD,0.036869,0.036858,0.036879,13503.93,1138600.64,normal
1783428859,CSPR/USD,0.036977,0.036967,0.036987,13218.51,649358.87,normal
1783428860,CSPR/USD,0.036966,0.036941,0.036991,6225.75,804520.26,normal
1783428861,CSPR/USD,0.036978,0.036948,0.037009,20040.94,589716.67,normal
1783428862,CSPR/USD,0.037028,0.037003,0.037052,12936.86,1084808.99,normal
1783428863,CSPR/USD,0.037056,0.037023,0.037088,8941.03,2233313.85,normal
1783428864,CSPR/USD,0.037064,0.037054,0.037074,32375.89,1178884.41,normal
1783428865,CSPR/USD,0.037085,0.037065,0.037104,4913.92,747383.66,normal
1783428866,CSPR/USD,0.037221,0.037206,0.037237,9528.13,1791387.74,normal
1783428867,CSPR/USD,0.037218,0.037196,0.03724,30399.3,2493201.82,normal
1783428868,CSPR/USD,0.03723,0.037218,0.037241,17195.76,964647.58,normal
1783428869,CSPR/USD,0.03729,0.037254,0.037326,12857.89,1059142.01,normal
1783428870,CSPR/USD,0.037353,0.037337,0.037368,16330.71,2443694.11,normal
1783428871,CSPR/USD,0.037421,0.037385,0.037456,15421.71,857552.58,normal
1783428872,CSPR/USD,0.037457,0.037436,0.037479,3970.59,1522428.13,normal
1783428873,CSPR/USD,0.037392,0.037355,0.037429,10103.03,979304.27,normal
1783428874,CSPR/USD,0.037485,0.03746,0.03751,48689.43,2364703.8,normal
1783428875,CSPR/USD,0.03742,0.037384,0.037455,7883.61,2463042.03,normal
1783428876,CSPR/USD,0.037437,0.037427,0.037446,10356.39,2129395.69,normal
1783428877,CSPR/USD,0.037394,0.037363,0.037424,8662.02,1129567.63,normal
1783428878,CSPR/USD,0.03739,0.037355,0.037425,12461.36,1306974.95,normal
1783428879,CSPR/USD,0.037409,0.037395,0.037422,8379.15,984611.37,normal
1783428880,CSPR/USD,0.037427,0.037415,0.037439,19720.09,2281515.93,normal
1783428881,CSPR/USD,0.037451,0.03743,0.037473,15644.13,2329116.56,normal
1783428882,CSPR/USD,0.037544,0.037508,0.03758,24805.93,1337741.32,normal
1783428883,CSPR/USD,0.03757,0.037545,0.037595,5763.19,1813066.14,normal
1783428884,CSPR/USD,0.037556,0.037532,0.03758,10175.39,831106.36,normal
1783428885,CSPR/USD,0.037611,0.037598,0.037625,11152.53,1369871.8,normal
1783428886,CSPR/USD,0.03768,0.03767,0.037689,19235.59,1762998.21,normal
1783428887,CSPR/USD,0.037609,0.037577,0.037641,7082.79,1270806.24,normal
1783428888,CSPR/USD,0.037643,0.037632,0.037655,27792.54,1215199.05,normal
1783428889,CSPR/USD,0.037684,0.037657,0.037711,34514.42,501997.98,normal
1783428890,CSPR/USD,0.037667,0.037631,0.037702,6056.59,2108586.93,normal
1783428891,CSPR/USD,0.037746,0.037731,0.037761,9020.92,2278675.22,normal
1783428892,CSPR/USD,0.037737,0.037709,0.037766,8729.43,2438927.06,normal
1783428893,CSPR/USD,0.037745,0.037733,0.037756,109744.36,1938542.77,normal
1783428894,CSPR/USD,0.037735,0.037708,0.037761,9471.85,1597584.62,normal
1783428895,CSPR/USD,0.037735,0.037721,0.03775,51128.65,1038569.04,normal
1783428896,CSPR/USD,0.037672,0.037642,0.037702,4849.81,2498598.95,normal
1783428897,CSPR/USD,0.037589,0.037571,0.037607,6052.82,1679505.71,normal
1783428898,CSPR/USD,0.037681,0.037659,0.037704,7713.42,1862308.14,normal
1783428899,CSPR/USD,0.037632,0.037606,0.037659,6791.65,1864812.32,normal
1783428900,CSPR/USD,0.037575,0.037561,0.037589,10782.51,2190503.59,normal
1783428901,CSPR/USD,0.037451,0.037421,0.037482,7577.79,519345.08,normal
1783428902,CSPR/USD,0.037415,0.037397,0.037433,6936.32,940493.88,normal
1783428903,CSPR/USD,0.037339,0.037311,0.037367,33751.41,1831068.0,normal
1783428904,CSPR/USD,0.037433,0.037419,0.037447,35562.07,2290291.47,normal
1783428905,CSPR/USD,0.037491,0.037462,0.03752,28550.71,1870677.56,normal
1783428906,CSPR/USD,0.037451,0.037438,0.037464,20316.71,1326982.58,normal
1783428907,CSPR/USD,0.037581,0.037559,0.037602,14388.64,1223110.99,normal
1783428908,CSPR/USD,0.037637,0.037621,0.037654,8976.59,1975896.02,normal
1783428909,CSPR/USD,0.037618,0.037588,0.037649,6232.13,1982475.39,normal
1783428910,CSPR/USD,0.037475,0.037458,0.037492,17861.39,1714115.99,normal
1783428911,CSPR/USD,0.037606,0.037572,0.037641,5224.4,1082934.05,normal
1783428912,CSPR/USD,0.037527,0.037492,0.037561,6032.18,2350309.64,normal
1783428913,CSPR/USD,0.037432,0.037417,0.037447,33601.66,1603759.88,normal
1783428914,CSPR/USD,0.037491,0.037464,0.037517,61115.4,2080984.71,normal
1783428915,CSPR/USD,0.037631,0.037619,0.037643,18299.63,928616.52,normal
1783428916,CSPR/USD,0.037711,0.03769,0.037731,32375.77,1188081.58,normal
1783428917,CSPR/USD,0.037743,0.037714,0.037773,10974.41,2249159.03,normal
1783428918,CSPR/USD,0.037778,0.03775,0.037806,4581.86,600214.06,normal
1783428919,CSPR/USD,0.037827,0.0378,0.037854,21801.57,1524630.62,normal
1783428920,CSPR/USD,0.037871,0.037854,0.037889,21066.33,1463410.96,normal
1783428921,CSPR/USD,0.037887,0.037867,0.037908,14148.09,2002460.38,normal
1783428922,CSPR/USD,0.037893,0.037881,0.037906,11004.94,1063787.54,normal
1783428923,CSPR/USD,0.03789,0.03786,0.03792,28847.21,938133.64,normal
1783428924,CSPR/USD,0.037846,0.037822,0.03787,6071.82,2352265.68,normal
1783428925,CSPR/USD,0.03783,0.0378,0.037859,7193.81,1643419.3,normal
1783428926,CSPR/USD,0.037732,0.037715,0.037748,5964.11,709379.14,normal
1783428927,CSPR/USD,0.037726,0.037707,0.037745,14299.48,886072.32,normal
1783428928,CSPR/USD,0.037669,0.03765,0.037688,5595.32,2497652.12,normal
1783428929,CSPR/USD,0.037605,0.037595,0.037615,7728.01,891217.99,normal
1783428930,CSPR/USD,0.037616,0.037597,0.037635,7596.14,1720951.02,normal
1783428931,CSPR/USD,0.037696,0.037664,0.037728,10845.58,1340256.16,normal
1783428932,CSPR/USD,0.037749,0.037714,0.037784,4064.72,2271198.19,normal
1783428933,CSPR/USD,0.037658,0.037634,0.037682,14325.04,2010337.18,normal
1783428934,CSPR/USD,0.037601,0.037579,0.037623,36237.25,1693902.79,normal
1783428935,CSPR/USD,0.037655,0.037645,0.037666,14889.23,521477.96,normal
1783428936,CSPR/USD,0.037599,0.037565,0.037633,45846.63,2259590.41,normal
1783428937,CSPR/USD,0.037586,0.037576,0.037596,38839.71,1389334.94,normal
1783428938,CSPR/USD,0.037617,0.037581,0.037653,24889.17,2363155.31,normal
1783428939,CSPR/USD,0.037562,0.037539,0.037585,14182.28,1491078.03,normal
1783428940,CSPR/USD,0.037568,0.037549,0.037587,13602.38,1888448.98,normal
1783428941,CSPR/USD,0.037491,0.037456,0.037526,24613.24,638585.3,normal
1783428942,CSPR/USD,0.037457,0.037446,0.037467,9766.01,1990303.31,normal
1783428943,CSPR/USD,0.037475,0.037449,0.037501,2963.08,1175992.06,normal
1783428944,CSPR/USD,0.037384,0.037359,0.037408,19803.29,1202718.03,normal
1783428945,CSPR/USD,0.037409,0.037393,0.037424,5405.35,737311.69,normal
1783428946,CSPR/USD,0.037408,0.037386,0.037429,6187.5,793714.3,normal
1783428947,CSPR/USD,0.037439,0.037412,0.037467,13362.12,871518.11,normal
1783428948,CSPR/USD,0.037452,0.037422,0.037482,12380.77,1156412.34,normal
1783428949,CSPR/USD,0.03753,0.037521,0.03754,4317.1,2283939.83,normal
1783428950,CSPR/USD,0.037537,0.037502,0.037573,15250.89,1236520.48,normal
1783428951,CSPR/USD,0.037513,0.037499,0.037527,28938.02,1948725.41,normal
1783428952,CSPR/USD,0.03752,0.037504,0.037536,5417.16,665495.01,normal
1783428953,CSPR/USD,0.037551,0.037534,0.037568,36974.61,1682197.6,normal
1783428954,CSPR/USD,0.037554,0.037543,0.037564,3834.76,1463782.46,normal
1783428955,CSPR/USD,0.037556,0.037543,0.037569,72682.75,2455915.89,normal
1783428956,CSPR/USD,0.037516,0.037479,0.037553,9614.15,2192415.54,normal
1783428957,CSPR/USD,0.037478,0.037459,0.037496,15010.33,1409659.54,normal
1783428958,CSPR/USD,0.037397,0.037385,0.03741,2940.61,2050285.53,normal
1783428959,CSPR/USD,0.037498,0.037485,0.03751,12711.87,886077.48,normal
1783428960,CSPR/USD,0.037426,0.037397,0.037456,16039.12,1624672.65,normal
1783428961,CSPR/USD,0.037386,0.037353,0.03742,12469.87,649238.11,normal
1783428962,CSPR/USD,0.037345,0.037329,0.037362,8514.58,1196178.06,normal
1783428963,CSPR/USD,0.037397,0.037387,0.037406,6265.09,951724.36,normal
1783428964,CSPR/USD,0.03738,0.037364,0.037395,33005.23,1937819.63,normal
1783428965,CSPR/USD,0.037451,0.03744,0.037462,13693.08,1480181.38,normal
1783428966,CSPR/USD,0.037412,0.0374,0.037425,45825.77,2002140.96,normal
1783428967,CSPR/USD,0.037428,0.037407,0.03745,8767.56,1530590.88,normal
1783428968,CSPR/USD,0.037381,0.037365,0.037396,9434.84,672968.88,normal
1783428969,CSPR/USD,0.037503,0.03748,0.037527,25654.53,1970735.3,normal
1783428970,CSPR/USD,0.037435,0.037419,0.037452,3646.85,2166458.53,normal
1783428971,CSPR/USD,0.037453,0.037417,0.037489,5060.54,2307062.45,normal
1783428972,CSPR/USD,0.037489,0.037455,0.037524,32144.22,1643983.89,normal
1783428973,CSPR/USD,0.037513,0.037488,0.037538,5231.5,2007170.72,normal
1783428974,CSPR/USD,0.037502,0.037483,0.037522,3117.41,2004088.67,normal
1783428975,CSPR/USD,0.037495,0.037475,0.037515,59564.9,811499.52,normal
1783428976,CSPR/USD,0.037498,0.037477,0.037518,4380.62,828441.37,normal
1783428977,CSPR/USD,0.037489,0.037459,0.037519,15479.87,641771.01,normal
1783428978,CSPR/USD,0.037544,0.037522,0.037566,14118.88,1139827.27,normal
1783428979,CSPR/USD,0.037672,0.037638,0.037705,1410.21,1447017.18,normal
1783428980,CSPR/USD,0.037639,0.037603,0.037676,10787.53,2495795.71,normal
1783428981,CSPR/USD,0.037561,0.037542,0.037579,19124.6,1361986.68,normal
1783428982,CSPR/USD,0.037556,0.03753,0.037581,17737.7,1952485.18,normal
1783428983,CSPR/USD,0.037704,0.037692,0.037716,27524.08,1886794.05,normal
1783428984,CSPR/USD,0.037658,0.037643,0.037673,9798.72,908963.9,normal
1783428985,CSPR/USD,0.037752,0.037731,0.037773,23623.65,617014.3,normal
1783428986,CSPR/USD,0.037849,0.037834,0.037865,7696.62,1592013.5,normal
1783428987,CSPR/USD,0.037817,0.037783,0.037852,4322.66,1900611.18,normal
1783428988,CSPR/USD,0.03785,0.037836,0.037864,4730.65,2496503.58,normal
1783428989,CSPR/USD,0.037945,0.037922,0.037967,4147.71,1217222.1,normal
1783428990,CSPR/USD,0.037923,0.037896,0.037949,29961.51,2292729.12,normal
1783428991,CSPR/USD,0.037911,0.037882,0.03794,3977.23,1263864.91,normal
1783428992,CSPR/USD,0.037877,0.037857,0.037897,16634.45,1878823.42,normal
1783428993,CSPR/USD,0.037818,0.037784,0.037852,10799.56,1696505.86,normal
1783428994,CSPR/USD,0.037781,0.037755,0.037806,12306.48,605957.59,normal
1783428995,CSPR/USD,0.03771,0.037688,0.037732,39770.7,656776.85,normal
1783428996,CSPR/USD,0.037712,0.0377,0.037723,9407.46,541528.18,normal
1783428997,CSPR/USD,0.037667,0.037645,0.03769,21791.63,1241668.17,normal
1783428998,CSPR/USD,0.037681,0.037648,0.037713,13767.29,1991602.1,normal
1783428999,CSPR/USD,0.037591,0.037564,0.037618,11829.89,845510.79,normal
1783429000,CSPR/USD,0.03761,0.037577,0.037643,84117.95,1711705.94,normal
1783429001,CSPR/USD,0.037658,0.037635,0.037682,4217.2,1077655.56,normal
1783429002,CSPR/USD,0.037543,0.037531,0.037556,37470.36,2093985.25,normal
1783429003,CSPR/USD,0.037565,0.037555,0.037575,22586.9,2096792.3,normal
1783429004,CSPR/USD,0.037636,0.037618,0.037653,9103.19,2050829.03,normal
1783429005,CSPR/USD,0.037566,0.037537,0.037595,49190.45,1549667.03,normal
1783429006,CSPR/USD,0.037662,0.03763,0.037694,3045.78,1069133.42,normal
1783429007,CSPR/USD,0.037686,0.037669,0.037704,8800.7,2118888.09,normal
1783429008,CSPR/USD,0.037646,0.037622,0.037669,5080.75,872201.12,normal
1783429009,CSPR/USD,0.037642,0.037621,0.037664,18576.76,1079519.2,normal
1783429010,CSPR/USD,0.037675,0.037654,0.037696,5483.77,867895.41,normal
1783429011,CSPR/USD,0.037679,0.037663,0.037695,18891.19,1848420.32,normal
1783429012,CSPR/USD,0.03771,0.037697,0.037723,11508.61,1872472.06,normal
1783429013,CSPR/USD,0.037657,0.037642,0.037672,9104.43,1805019.99,normal
1783429014,CSPR/USD,0.037667,0.037656,0.037678,18231.71,1331202.93,normal
1783429015,CSPR/USD,0.037585,0.03757,0.0376,10776.28,700342.01,normal
1783429016,CSPR/USD,0.037579,0.037569,0.037588,5592.0,2322339.17,normal
1783429017,CSPR/USD,0.037527,0.0375,0.037554,125630.26,1515461.93,normal
1783429018,CSPR/USD,0.037484,0.037466,0.037503,9047.7,1313944.39,normal
1783429019,CSPR/USD,0.037555,0.037519,0.037592,2266.32,1677649.79,normal
1783429020,CSPR/USD,0.037618,0.037603,0.037633,6811.18,885580.87,normal
1783429021,CSPR/USD,0.037653,0.037634,0.037672,4847.31,765097.56,normal
1783429022,CSPR/USD,0.03759,0.037571,0.03761,25872.0,1311050.44,normal
1783429023,CSPR/USD,0.037572,0.037563,0.037582,17280.3,954441.39,normal
1783429024,CSPR/USD,0.037642,0.037609,0.037675,18379.11,988580.59,normal
1783429025,CSPR/USD,0.03765,0.03764,0.03766,9936.62,2285022.98,normal
1783429026,CSPR/USD,0.037784,0.037748,0.03782,10684.18,1561518.35,normal
1783429027,CSPR/USD,0.037807,0.037772,0.037841,9929.4,1466938.13,normal
1783429028,CSPR/USD,0.037818,0.037793,0.037842,12519.53,1878959.19,normal
1783429029,CSPR/USD,0.0378,0.037775,0.037825,26062.86,2403096.23,normal
1783429030,CSPR/USD,0.037808,0.03778,0.037836,17480.83,724397.13,normal
1783429031,CSPR/USD,0.037799,0.037778,0.037819,19932.17,2167069.13,normal
1783429032,CSPR/USD,0.03784,0.037812,0.037868,19923.34,1668038.36,normal
1783429033,CSPR/USD,0.037895,0.037884,0.037906,27107.18,792330.71,normal
1783429034,CSPR/USD,0.03785,0.037839,0.037861,16823.3,1094298.64,normal
1783429035,CSPR/USD,0.037773,0.03775,0.037795,17802.22,1464722.83,normal
1783429036,CSPR/USD,0.037666,0.037642,0.037691,34580.49,1882354.29,normal
1783429037,CSPR/USD,0.037696,0.037661,0.03773,7847.6,985214.03,normal
1783429038,CSPR/USD,0.037632,0.03762,0.037644,6737.24,1569757.63,normal
1783429039,CSPR/USD,0.037508,0.037476,0.037541,5173.28,1869343.25,normal
1783429040,CSPR/USD,0.037531,0.037515,0.037546,15464.95,1397481.5,normal
1783429041,CSPR/USD,0.037674,0.037653,0.037695,3032.11,2226051.92,normal
1783429042,CSPR/USD,0.037674,0.037655,0.037692,19335.99,2238918.21,normal
1783429043,CSPR/USD,0.037722,0.037701,0.037743,12242.22,1441382.44,normal
1783429044,CSPR/USD,0.037727,0.037713,0.03774,33114.01,2445851.42,normal
1783429045,CSPR/USD,0.037721,0.037697,0.037745,7804.58,651170.18,normal
1783429046,CSPR/USD,0.037774,0.037742,0.037806,11354.23,506724.76,normal
1783429047,CSPR/USD,0.037757,0.037735,0.037779,32786.19,1261336.53,normal
1783429048,CSPR/USD,0.037773,0.037749,0.037796,40396.91,1702194.12,normal
1783429049,CSPR/USD,0.037791,0.037758,0.037825,7753.33,1758400.31,normal
1783429050,CSPR/USD,0.037753,0.037723,0.037782,15450.94,1452891.47,normal
1783429051,CSPR/USD,0.03781,0.037787,0.037833,16907.88,749766.63,normal
1783429052,CSPR/USD,0.0378,0.037783,0.037817,18014.33,840995.04,normal
1783429053,CSPR/USD,0.037756,0.037722,0.037791,10828.53,2204295.97,normal
1783429054,CSPR/USD,0.037787,0.037761,0.037813,37238.81,2235822.26,normal
1783429055,CSPR/USD,0.037735,0.037719,0.037751,2946.1,1847797.08,normal
1783429056,CSPR/USD,0.037737,0.03772,0.037754,9538.54,1828435.94,normal
1783429057,CSPR/USD,0.037736,0.037704,0.037768,19117.22,1695364.26,normal
1783429058,CSPR/USD,0.037799,0.037788,0.03781,19259.89,905851.77,normal
1783429059,CSPR/USD,0.037826,0.037789,0.037864,39427.04,1356501.4,normal
1783429060,CSPR/USD,0.037825,0.037812,0.037838,34842.05,1891789.3,normal
1783429061,CSPR/USD,0.037872,0.03784,0.037904,10631.4,1574504.54,normal
1783429062,CSPR/USD,0.037953,0.037932,0.037974,37793.67,537160.67,normal
1783429063,CSPR/USD,0.037985,0.037962,0.038009,7545.95,2407113.61,normal
1783429064,CSPR/USD,0.037986,0.037951,0.038021,28133.32,2189632.11,normal
1783429065,CSPR/USD,0.03791,0.037889,0.037931,56864.01,1021090.03,normal
1783429066,CSPR/USD,0.037848,0.037823,0.037873,35311.19,1732917.87,normal
1783429067,CSPR/USD,0.03783,0.037819,0.037841,14539.38,2346478.77,normal
1783429068,CSPR/USD,0.037795,0.037785,0.037804,10245.33,692022.02,normal
1783429069,CSPR/USD,0.037784,0.037768,0.0378,3932.88,1506058.96,normal
1783429070,CSPR/USD,0.037787,0.037759,0.037816,17127.35,1412486.05,normal
1783429071,CSPR/USD,0.037818,0.037805,0.037831,5474.34,1320410.01,normal
1783429072,CSPR/USD,0.037814,0.037801,0.037827,7083.28,2171177.22,normal
1783429073,CSPR/USD,0.037842,0.037821,0.037863,5153.36,1261292.29,normal
1783429074,CSPR/USD,0.037846,0.037818,0.037874,9243.59,627326.67,normal
1783429075,CSPR/USD,0.037731,0.037702,0.037761,13064.12,631675.48,normal
1783429076,CSPR/USD,0.037677,0.037663,0.037692,16628.8,585489.21,normal
1783429077,CSPR/USD,0.037669,0.037657,0.037681,8263.43,1318290.84,normal
1783429078,CSPR/USD,0.037599,0.037563,0.037635,31427.13,1936812.56,normal
1783429079,CSPR/USD,0.037634,0.037617,0.03765,11309.92,907444.92,normal
1783429080,CSPR/USD,0.037722,0.037688,0.037756,7114.01,1792937.04,normal
1783429081,CSPR/USD,0.037792,0.037758,0.037826,16011.04,1874176.94,normal
1783429082,CSPR/USD,0.03778,0.037749,0.037811,64269.62,1010404.25,normal
1783429083,CSPR/USD,0.037866,0.037852,0.037881,17468.04,1701115.31,normal
1783429084,CSPR/USD,0.037875,0.037842,0.037908,9993.75,1869736.68,normal
1783429085,CSPR/USD,0.037855,0.037824,0.037887,3936.44,1433227.25,normal
1783429086,CSPR/USD,0.03782,0.037793,0.037846,11208.98,1173433.19,normal
1783429087,CSPR/USD,0.037802,0.037783,0.037821,16122.04,1738303.1,normal
1783429088,CSPR/USD,0.03778,0.037763,0.037797,9798.02,2455694.17,normal
1783429089,CSPR/USD,0.03779,0.037777,0.037803,3525.2,1353682.82,normal
1783429090,CSPR/USD,0.037799,0.037775,0.037823,6765.2,1283470.19,normal
1783429091,CSPR/USD,0.037799,0.037773,0.037825,42771.65,1428533.8,normal
1783429092,CSPR/USD,0.037824,0.037805,0.037844,42074.65,652436.79,normal
1783429093,CSPR/USD,0.037893,0.03787,0.037916,6572.76,1606326.56,normal
1783429094,CSPR/USD,0.037948,0.037929,0.037968,22884.28,1157394.77,normal
1783429095,CSPR/USD,0.037862,0.037835,0.03789,5203.79,742844.24,normal
1783429096,CSPR/USD,0.037714,0.03768,0.037749,41087.25,1432513.48,normal
1783429097,CSPR/USD,0.037768,0.037754,0.037782,16255.53,506767.97,normal
1783429098,CSPR/USD,0.037689,0.037669,0.03771,28558.59,1303570.49,normal
1783429099,CSPR/USD,0.037676,0.037663,0.03769,3387.76,711470.54,normal
1783429100,CSPR/USD,0.037609,0.037582,0.037636,22973.8,548585.41,normal
1783429101,CSPR/USD,0.037505,0.037475,0.037535,13277.96,2148950.09,normal
1783429102,CSPR/USD,0.037536,0.037501,0.037572,26411.2,2332497.61,normal
1783429103,CSPR/USD,0.03758,0.037563,0.037597,27775.07,915349.3,normal
1783429104,CSPR/USD,0.037547,0.037511,0.037583,14081.65,1578596.53,normal
1783429105,CSPR/USD,0.037398,0.037387,0.037409,8261.29,1055916.31,normal
1783429106,CSPR/USD,0.037367,0.037341,0.037393,24928.25,1487154.88,normal
1783429107,CSPR/USD,0.037389,0.037378,0.0374,12732.03,1373262.64,normal
1783429108,CSPR/USD,0.037305,0.03727,0.037339,6646.01,1038102.11,normal
1783429109,CSPR/USD,0.037315,0.037291,0.037339,6398.88,1900787.16,normal
1783429110,CSPR/USD,0.037314,0.037286,0.037342,4098.06,752981.92,normal
1783429111,CSPR/USD,0.037347,0.037315,0.03738,8881.87,606145.56,normal
1783429112,CSPR/USD,0.037354,0.037341,0.037368,32278.4,2035350.87,normal
1783429113,CSPR/USD,0.037299,0.037288,0.037309,15402.17,1831860.06,normal
1783429114,CSPR/USD,0.037367,0.037333,0.037401,8744.55,1497052.25,normal
1783429115,CSPR/USD,0.037358,0.03734,0.037376,25435.08,1435579.54,normal
1783429116,CSPR/USD,0.037356,0.037343,0.037369,6863.82,1494822.76,normal
1783429117,CSPR/USD,0.037303,0.03728,0.037325,14418.69,1374048.15,normal
1783429118,CSPR/USD,0.037278,0.037252,0.037304,11571.44,1285784.59,normal
1783429119,CSPR/USD,0.037227,0.037217,0.037237,24916.97,1499381.21,normal
1783429120,CSPR/USD,0.037217,0.0372,0.037234,3782.79,1557030.34,normal
